2060 3100
248 119 297 172 lto
481 113 771 171 serrantium

243 223 279 274 Et
289 223 391 274 vixisse
400 222 514 289 probos,
527 221 626 287 amplis
638 225 667 271 et
676 217 830 272 honorisue
840 227 959 274 auctos.

243 293 359 355 Contra,
371 291 522 342 Laeuinum
534 289 630 340 Valeri
641 304 743 356 genus,
754 290 827 341 unde
838 289 999 356 Superbus

242 362 413 428 'l'arquinius
424 375 510 428 regno
521 358 617 425 pulsus
628 357 713 424 fugit,
725 361 807 409 unius
817 361 888 410 assis

242 429 304 482 Non
316 445 447 499 umquam
459 427 781 495 pretio'pluris·licuisse;
797 433 915 480 notante

203 497 233 550 15
243 500 350 562 iudice,
361 513 415 568 quo
427 499 514 559 nosti,
525 497 642 563 populo;
657 497 704 563 qui
715 496 818 550 stultus
829 495 960 550 bonores

243 567 331 635 Saepe
343 568 391 619 dat
401 567 535 633 indignis,
546 572 574 617 et
585 565 676 616 famae
687 567 773 617 servit
782 568 907 632 ineptus;

142 633 146 641 '
242 637 297 700 Qui
308 641 402 703 stupet
410 637 439 686 in
449 635 551 698 titulis,
562 640 592 686 et
600 635 775 701 imaginibus.
797 634 871 697 Quid
882 643 1013 701 oportet

241 706 298 758 Nos
309 705 415 767 facere,
425 719 442 756 a
451 704 534 772 vulgo
542 703 640 772 longe,
651 703 791 771 longeque
800 704 943 754 remotos'i

242 775 368 842 Namque
379 779 453 837 esto,
464 773 583 840 populus
594 773 715 825 Laevino
728 773 825 824 mallet
835 771 995 838 honorem,

200 857 233 893 20
242 845 331 907 Quem
341 843 429 895 Decio
441 843 574 895 mandare
586 857 669 906 novo‘3
686 856 840 910 censorque
851 851 988 896 moveret

240 914 357 980 Appius,
368 916 489 981 ingenuo
499 915 522 963 si
533 926 589 962 non
600 926 688 964 essem
700 917 781 978 patre
792 915 885 962 natus:

240 981 293 1034 Vel
304 984 413 1045 merito,
423 981 766 1049 quoniaminproprianon
774 981 846 1047 pelle
852 981 1017 1048 quiessem.

241 1050 297 1102 Sed
308 1051 431 1120 fulgente
442 1048 530 1108 trehit
539 1051 705 1101 constrictos
715 1049 806 1116 gloria
817 1065 901 1100 curru

241 1119 302 1171 Non
313 1122 523 1188 minusignotos
534 1120 686 1187 generosis.
707 1119 769 1180 Quo
780 1120 843 1179 tibi,
853 1117 932 1180 'l'illi,

200 1188 232 1237 25
242 1188 357 1241 Sumere
368 1189 525 1255 depositum
536 1185 661 1240 elavumi
676 1190 792 1255 lienique
802 1187 933 1242 tribunoi
987 1241 992 1246 ,

241 1258 348 1308 invidia
358 1259 490 1320 accrevit,
501 1259 609 1324 privato
620 1272 690 1327 quae
702 1259 792 1308 minor
802 1261 884 1308 esset.

240 1325 311 1377 Nam
325 1331 358 1376 ut
373 1328 490 1395 quisque
505 1328 620 1378 insanus
634 1327 724 1396 'nigris
739 1327 861 1379 medium
872 1327 1012 1393 impediit

657 1411 721 1448 crus

240 1463 376 1527 Pellibus,
387 1458 416 1516 et
426 1463 514 1517 latum
526 1465 638 1518 demisit
646 1471 759 1533 pectore
770 1464 893 1528 clavum3

239 1533 473 1586 Auditcontinuo:
484 1533 633 1604 quinimmo
640 1534 701 1587 hiel
713 1535 1008 1604 etquopatrenatusi

198 1605 231 1655 50
240 1603 276 1654 Ut
284 1604 365 1670 siqui
377 1608 517 1671 aegrotet,
528 1620 583 1673 quo
595 1605 691 1657 morbo
701 1605 820 1668 Barrus,
831 1604 929 1655 haberi

240 1672 276 1722 Ut
286 1673 379 1741 cupiat
390 1671 540 1724 formosus:
556 1679 603 1726 eat
613 1689 798 1743 quocumque,
810 1673 910 1740 puellis

239 1743 349 1794 inliciat
359 1757 453 1794 curam
465 1741 616 1811 quaerendi
628 1745 751 1812 singula3
766 1744 841 1812 quali

240 1810 284 1863 Sit
294 1812 379 1875 facie,
390 1827 468 1874 sura,
479 1812 554 1880 quali
565 1814 647 1880 pede,
658 1813 755 1876 dente,
767 1813 879 1880 capillo:

241 1879 286 1932 Sic
298 1883 342 1948 qui
354 1883 504 1948 promittit,
516 1883 602 1942 cives,
613 1883 714 1934 Urbem
725 1884 776 1934 sibi
790 1897 883 1946 curae,

199 1949 389 2015 ermpertus
400 1949 473 2014 fore,
484 1955 513 2002 et
520 1951 643 2015 ltaliam,
654 1951 771 2003 delubra
781 1951 919 2015 Deorum3

241 2017 303 2077 Quo
313 2024 392 2084 patre
402 2021 440 2070 sit
450 2024 541 2084 natus,
551 2033 617 2071 num
627 2022 724 2088 ignota
733 2027 822 2075 matre
827 2020 1005 2084 inhonestus,

241 2085 344 2137 Omnes
354 2087 487 2139 mortales
498 2104 611 2151 curare,
622 2095 651 2141 et
660 2105 795 2158 quaerere
805 2092 887 2158 cogit

241 2153 335 2218 Tune,
347 2154 425 2222 Syri,
434 2156 554 2221 Damae,
567 2163 616 2209 aut
625 2158 745 2226 Dionysi
756 2161 844 2222 lilius,
855 2159 944 2212 eudes

241 2223 370 2276 Deiicere
381 2241 396 2276 e
407 2239 476 2276 saxo
488 2227 573 2288 cives,
585 2233 635 2278 aut
644 2229 757 2282 tradere
771 2229 894 2286 Cadmei

199 2293 233 2346 40
241 2293 276 2344 nt
285 2291 389 2344 Novius
400 2293 510 2362 collega
519 2297 607 2364 gradu
617 2303 682 2364 post
691 2313 736 2350 rne
747 2300 828 2352 sedet
836 2312 906 2359 uno;

240 2361 366 2431 Namque
382 2368 425 2415 eat
438 2363 501 2428 ille,
516 2371 597 2433 pater
613 2368 688 2434 quod
698 2373 855 2420 eratmees.
876 2368 1001 2421 Hoctibi

436 2443 439 2448 “
654 2437 778 2500 Paullus,

240 2501 277 2552 Et
285 2501 408 2554 Messala
416 2501 538 2556 rideris!v
552 2506 588 2557 nt
596 2503 655 2569 hic,
666 2509 689 2558 si
700 2508 809 2575 plustre
819 2505 948 2569 ducenta,

241 2570 468 2640 Concurrentque
479 2573 552 2624 Foro
563 2574 741 2639 triei'unera,
752 2585 853 2646 magna
863 2579 983 2641 sonabit,

241 2637 352 2691 Cornua
357 2641 582 2711 quodriacatque
587 2644 681 2697 tubes:
692 2646 998 2700 saltemtenethoenos
