2080 3102
272 159 607 237 'sinuosis‘
748 185 800 241 253

28 284 106 348 Nec,
118 299 207 354 quum
216 286 312 338 venari
323 287 400 338 volet
408 285 469 350 ille,
480 293 608 355 poemata
619 280 731 359 pinges«.
808 295 841 348 40

28 356 138 408 Gratia
150 357 192 407 sic
202 355 322 408 fratrum
333 358 519 423 geminorum,
529 357 703 426 Amphionis,
715 365 798 431 utque

27 425 132 487 Zethi,
143 425 279 488 dissiluit3
294 425 382 477 donoc
392 433 522 493 suspecta
533 442 628 479 severo

28 495 183 547 Conticuit
193 495 265 561 lyra.
285 493 428 546 Fraternis
438 498 554 548 cessisse
563 503 679 563 putatur

27 565 167 618 Moribus
177 563 325 630 Amphion:
340 570 372 614 tu
383 565 451 617 cede
461 569 582 632 potentis
592 569 674 620 amici

29 635 163 688 Lenibus
173 635 311 700 imperils3
326 636 489 702 quotiesque
501 635 601 687 educet
611 639 638 687 in
650 651 732 705 agros
806 640 840 692 45

29 703 144 756 Aetolis
156 709 273 754 onerata
282 703 374 771 plagis
382 705 518 768 iumenta,
529 717 680 773 canesque;

29 775 142 841 Surge,
153 778 183 824 ct
194 770 361 824 inhumanae
371 775 477 824 senium
489 775 597 840 depone
608 776 758 841 Camenae}
782 797 785 803 ·
809 819 810 822 η

29 847 127 896 Cenes
139 843 291 910 ut‘pariter
299 843 444 908 pulmenta
454 842 597 895 laboribus
608 851 713 912 emptas

28 914 173 966 Romanis
183 912 318 964 sollemne
327 914 393 962 viris
404 927 487 980 opus,
497 913 568 965 utile
579 913 680 977 laniae,

28 984 186 1047 vitaeque,
197 986 225 1033 et
235 983 377 1034 membriss
388 984 552 1049 praesertim
566 999 649 1050 quum
660 983 840 1050 valensstdo

28 1052 83 1106 Vel
96 1067 186 1103 cursu
196 1065 330 1118 superare
342 1067 450 1114 canem,
461 1051 504 1104 rel
515 1053 618 1104 viribus
629 1067 728 1118 apruni

29 1123 140 1176 Possis.
163 1120 253 1182 Adde,
262 1120 355 1173 virili-a
365 1121 443 1188 quod,
449 1123 600 1188 speciosius
611 1137 689 1172 arma

27 1193 94 1246 Non
108 1196 168 1250 est,
179 1191 346 1258 quitractet.
367 1191 440 1252 Scis,
452 1205 506 1258 quo
517 1191 639 1242 clamore
648 1205 769 1246 coronae

26 1260 151 1315 Proelia
161 1261 299 1311 sustineas
310 1261 489 1326 campestria:
506 1260 747 1328 denique-saevam
794 1273 796 1277 '

25 1331 171 1387 Militiam
183 1345 266 1397 puer,
278 1335 307 1381 et
316 1331 482 1382 cantabrica
492 1329 566 1382 bella
575 1330 665 1382 tulisti
802 1334 839 1390 55

26 1402 88 1453 Sub
102 1402 190 1462 duce,
202 1401 248 1468 qui
258 1400 369 1466 templis
380 1397 545 1450 Parthorum
557 1401 638 1468 signa
646 1401 740 1470 religit
761 1419 765 1426 ·

24 1469 135 1529 Nuno‘t‘
144 1475 186 1532 et,
196 1469 219 1519 si
230 1469 295 1538 quid
306 1470 396 1532 abest,
405 1468 483 1521 Italis
495 1469 636 1522 adiudicat
646 1471 740 1522 armis.

23 1545 79 1602 Ac,
92 1556 130 1592 ne
142 1544 172 1591 te
181 1538 321 1603 retrahas,
332 1545 360 1591 et
370 1540 564 1590 inexcusabilis
576 1541 662 1603 absis,

23 1607 169 1675 Quamvis
180 1609 219 1659 nil
231 1615 311 1661 extra
321 1617 466 1660 numerum
477 1608 589 1672 fecisse,
601 1611 768 1679 modumque

23 1684 136 1743 Curas3
151 1677 293 1730 interdum
304 1680 417 1747 nugaris
427 1691 493 1730 rure
503 1685 628 1746 patemo.
644 1677 647 1682 ’
803 1681 836 1734 60

22 1751 163 1802 Partitur
173 1748 272 1801 lintres
283 1751 433 1801 exercitus:
449 1749 529 1800 Actia
539 1763 639 1816 pugna,
691 1760 693 1766 ¹

22 1821 68 1874 'l'e
80 1820 172 1880 duce,
182 1833 232 1886 per
243 1833 344 1884 pueros
355 1812 449 1869 hostili
461 1825 538 1868 more
549 1816 679 1888 refertur.
689 1823 692 1832 '
740 1851 742 1856 -

20 1889 217 1944 Adversarius
227 1893 270 1940 est
282 1888 382 1952 fratem
398 1887 489 1950 lacus,
500 1887 620 1949 Hadria3
636 1885 723 1938 donet

20 1960 209 2013 Alterutrum
220 1958 301 2009 velox
311 1959 427 2009 victoria
438 1955 536 2008 fronde
547 1961 670 2008 coronet.

23 2029 203 2086 Consentire
214 2028 271 2078 suis
283 2028 382 2079 studiis
394 2028 441 2096 qui
453 2026 603 2079 crediderit
612 2033 649 2088 te,
662 2057 665 2062 -
801 2024 835 2081 65

21 2099 144 2151 Fautor
154 2103 273 2166 utroque
282 2103 360 2148 tuum
371 2095 497 2150 landublt
507 2094 607 2163 pollice
618 2092 723 2147 ludum.

21 2169 168 2222 Protinus
177 2173 210 2218 ut
220 2181 361 2230 moneam,
371 2169 394 2217 si
405 2166 471 2234 quid
482 2166 627 2217 monitoris
635 2179 703 2233 eges
713 2171 759 2230 tu;
777 2187 780 2193 ¹

23 2238 108 2301 Quid
119 2238 157 2289 de
168 2251 277 2304 quoque
285 2239 359 2299 viro,
371 2242 400 2288 et
409 2238 453 2287 cui
465 2235 553 2298 dicas,
564 2250 648 2303 saepe
657 2234 758 2288 videto.

24 2309 266 2361 Percontatorem
279 2305 379 2373 fugito:
397 2321 459 2356 nam
470 2305 599 2372 garrulus
609 2305 682 2356 idem
693 2311 759 2369 ests

24 2378 90 2431 Nec
100 2377 228 2429 retinent
239 2376 352 2443 patulae
362 2377 508 2428 commissa
518 2374 638 2427 lideliter
650 2389 744 2438 aures3
788 2405 791 2410 -
803 2393 838 2445 7⁰

28 2449 66 2499 Et
75 2446 167 2500 semel
177 2448 308 2497 emissum
319 2446 396 2497 volat
406 2444 586 2497 irrevocabile
596 2444 718 2496 verbum.
810 2485 813 2487 .

25 2518 93 2570 Non
107 2515 212 2568 ancilla
222 2520 299 2567 tuum
312 2517 390 2567 iecur
398 2514 505 2567 ulceret
515 2514 586 2576 ulla,
597 2527 707 2581 puerve,
719 2551 721 2556 .

24 2590 312 2640 lntramarmoreum
322 2585 471 2648 venerandi
482 2585 565 2634 limen
577 2585 670 2634 amici:

23 2657 71 2711 Ne
84 2657 217 2708 dominus
229 2657 306 2721 pueri
318 2652 439 2721 pulchri,
449 2665 564 2704 caruere
575 2651 692 2718 puellae,
789 2675 792 2684 Α

24 2725 156 2782 Munere
166 2729 195 2776 te
207 2739 292 2792 parvo
302 2726 380 2777 beet·
397 2721 644 2774 aruincommodus
656 2724 748 2788 angat.
776 2712 792 2760 '-
805 2720 836 2779 75
