2060 3100
209 97 212 100 Ι
260 154 312 215 llo
508 153 768 216 CARMINUM
826 111 828 116 Ι

257 259 362 311 Totum
375 251 498 313 muneris
509 257 562 316 hnc
571 260 614 317 tui
624 264 676 323 eet,

292 327 375 389 Quod
386 333 527 380 monstror
538 328 625 396 digito
637 335 879 396 praetereuntium

255 395 399 450 Romanae
410 397 512 450 fidicen
523 396 623 462 lyrece,

209 500 212 504 -
291 467 373 530 Quod
382 467 471 533 spiro,
482 471 511 518 et
520 467 631 533 placeo,
641 470 665 520 si
676 469 787 552 plceec,
796 477 876 530 tuum
890 483 951 530 est.

266 575 1026 654 §teettttttttteeeeteetettjtjtwet

480 674 782 768 onnrn

411 799 472 848 AD
499 799 665 852 UBBEM
687 803 862 862 ROMAM·
905 853 910 858 .

549 895 718 908 ι-ι-ι-

254 948 343 1000 Drusi
352 948 496 999 victoriam
506 949 540 1012 dc
552 951 659 1014 Raetis,
671 962 698 1001 et
713 952 865 1004 Vindelicis
876 955 1014 1012 celebrat
1020 983 1026 1021 l

255 1025 312 1067 tum
318 1017 347 1066 in
352 1015 450 1067 laudes
456 1017 603 1082 Neronum,
614 1029 642 1070 et
649 1019 782 1072 Claudiae
784 1032 880 1092 gentis
885 1032 1026 1098 excurrit

433 1161 440 1174 ·
541 1151 642 1195 nura·
665 1153 734 1195 ΧΠ.

293 1200 426 1300 Qualem
437 1237 595 1290 ministrnm
607 1239 733 1300 fulminis
745 1241 849 1307 alitem,

289 1305 356 1368 (Cui
369 1319 419 1357 rex
429 1305 555 1358 Deorum
566 1305 682 1376 'regnum
693 1313 721 1362 in
731 1326 798 1364 eres
806 1328 892 1390 vagus

324 1373 467 1437 Permisit,
478 1381 610 1442 expertus
619 1379 732 1433 lidelem
894 1392 898 1400 “

357 1444 462 1510 Iupiter
472 1446 502 1496 in
513 1445 677 1514 Ganymede
689 1448 779 1518 llere)
801 1469 805 1476 ·

227 1549 243 1602 5
287 1543 360 1594 Olim
372 1545 511 1611 iuventas,
522 1553 551 1601 et
560 1552 668 1616 patrius
678 1554 758 1621 rigor

286 1613 359 1665 Nido
370 1613 497 1666 laborum
508 1619 632 1684 propulit
640 1622 771 1687 inscium3

321 1681 474 1750 vernique,
484 1686 540 1736 iarn
552 1690 652 1752 nimbis
662 1695 787 1757 remotis,
864 1747 867 1754 .

356 1753 488 1805 lnsnlitcs
500 1754 621 1810 docuere
631 1759 710 1816 nisus

285 1853 366 1907 Venti
378 1862 536 1922 parentem3
551 1875 617 1912 mou
627 1863 656 1913 in
666 1865 751 1916 milis

212 1937 241 1972 ιο
286 1922 407 1976 Demisit
416 1925 524 1980 hostem
534 1930 641 1982 vividus
651 1933 783 2000 impetus}

319 1993 399 2047 Nunc
409 1997 437 2046 in
449 1996 620 2051 reluctantes
631 2001 772 2064 dracones·

355 2063 421 2131 Egit
431 2080 510 2119 annor
521 2068 610 2134 dapis,
621 2076 705 2139 atque
714 2087 837 2140 pugneep

286 2165 439 2226 Qualenne
450 2167 531 2220 laetis
542 2186 643 2238 caprea
653 2176 764 2241 pascuis

284 2234 408 2297 nitente,
420 2235 514 2290 fulvae
524 2244 622 2293 metris
635 2245 668 2295 ab
681 2245 766 2296 ubere

209 2299 238 2352 15
317 2303 376 2354 lum
386 2303 460 2356 lacte
472 2306 617 2374 depulsum
629 2311 748 2378 leonem,

353 2372 447 2426 Dente
457 2390 528 2428 novo
539 2382 679 2446 periture,
690 2383 772 2444 vidit:

282 2473 384 2528 Videre
394 2476 490 2530 Raetis
500 2481 575 2534 bellu
585 2485 636 2536 sub
646 2485 760 2551 Alpibus

283 2541 407 2596 Drusum
418 2554 562 2614 gerentem
573 2551 710 2605 Vindelici
721 2558 731 2616 (
738 2553 837 2621 quibus

317 2612 380 2663 Mos
392 2616 465 2668 unde
476 2618 611 2670 deductus
622 2636 671 2686 per
682 2638 764 2676 nnme

206 2690 239 2727 πο
352 2681 476 2748 'l'empus
484 2687 753 2742 Anrezoniesecuri-
