2060 3100
237 151 287 206 148
502 145 724 206 RPODON

235 255 291 316 lte,
316 251 401 322 pedes
423 266 597 320 quecumque
620 250 725 372 fereqtr
751 265 927 320 quacumque
947 267 1001 321 per

648 336 685 372 un
707 336 738 372 as

270 391 360 444 Notus
369 391 491 453 coemit,
501 395 551 444 aut
560 395 707 457 protervus
717 389 835 443 Africus.

237 461 283 514 Sic
303 459 411 528 placati
436 475 471 512 an
486 460 587 512 melius
601 461 664 528 quis
680 458 767 580 lippet
780 460 916 513 suadere!
947 462 1005 515 Se-

156 538 161 547 “
650 544 741 581 cuna
777 529 783 541 ‘

271 601 371 653 Ratem
382 615 518 666 occupare
529 598 595 668 quid
607 614 750 650 moramur
759 597 845 652 alitei

195 671 228 723 25
238 669 293 724 Sed
303 673 426 721 iuremus
437 671 464 720 in
475 667 556 724 haec:
570 667 654 720 simul
664 669 726 726 imis
737 683 805 720 saxa
814 670 942 720 renarint

272 739 358 791 Vadis
369 738 474 800 lerata,
484 754 518 791 ne
529 737 622 792 redire
632 739 669 789 sit
679 737 770 790 nefas:

237 809 299 862 Neu
308 819 441 860 conversa
451 808 562 859 domum
573 808 668 876 pigeat
677 806 744 858 dare
754 807 854 866 lintea,
865 808 980 875 quaudo

274 877 365 930 Padus
376 878 485 928 Matina
494 876 593 930 laverit
603 878 759 939 cacumiua3

239 948 270 1001 ln
281 961 359 1000 mara
368 963 417 999 seu
428 947 519 999 celsus
530 949 689 1013 proruperit
697 947 866 1012 Apenninus,

197 1017 231 1069 30
275 1017 406 1085 Notaque
416 1021 541 1067 monstra
550 1017 673 1068 iunxerit
682 1015 796 1068 libidine

239 1087 330 1138 Mirus
341 1101 431 1149 amor;
444 1088 519 1136 iuvet
528 1088 560 1136 ut
569 1087 655 1153 tigres
664 1086 807 1137 subsidere
819 1086 915 1145 cervis,

275 1154 455 1206 Adulteretur
465 1161 493 1208 et
503 1154 632 1207 columba
642 1155 742 1216 milun;

242 1221 364 1276 Credula
374 1240 425 1276 nec
436 1223 522 1275 flavus
533 1226 652 1278 timeant
662 1231 789 1284 armenta
798 1224 902 1286 leones,

275 1281 410 1360 Jlmetque
421 1293 496 1344 salsa
506 1294 575 1346 levis
586 1293 679 1347 hircus
689 1309 819 1362 aequora.

198 1362 231 1413 55
242 1365 329 1426 Haec,
340 1367 368 1416 et
378 1377 449 1430 quae
460 1369 593 1430 poterunt
603 1364 709 1416 reditus
722 1362 883 1416 abscindere
888 1363 999 1421 dulces.

275 1433 378 1482 Eamus
389 1434 479 1483 omnis
490 1439 635 1485 exsecrata
644 1436 752 1496 ciritas3

241 1501 295 1552 dut
306 1516 368 1568 pars
379 1501 492 1554 indocili
501 1503 600 1555 melinr
608 1519 706 1572 gregat
721 1501 821 1565 mullis,
831 1506 860 1556 et
870 1517 971 1570 exspes

276 1571 431 1622 lnominata
441 1573 593 1639 perprimat
602 1574 712 1625 cubilia.

241 1639 311 1702 Vos,
321 1641 420 1708 quibus
432 1649 475 1693 est
484 1645 586 1704 virtus,
597 1643 761 1697 muliebrem
772 1641 863 1694 tellite
875 1641 999 1706 luctuum

199 1713 232 1761 lo
277 1711 396 1762 Etrusca
406 1717 517 1776 praeter
528 1717 556 1763 et
566 1712 658 1764 volate
668 1712 773 1764 littora.

241 1779 298 1832 Nos
310 1785 403 1832 manet
413 1780 540 1840 Oceanus
550 1782 740 1850 circumragus
752 1793 830 1846 arra5
846 1782 929 1832 beata

277 1850 406 1904 Petamus
418 1865 495 1912 arva,
507 1850 605 1903 divitas
616 1856 645 1904 et
655 1851 769 1913 insulas,

241 1917 342 1971 Reddit
351 1921 398 1970 ubi
409 1921 539 1973 Cererem
550 1921 634 1974 tellus
644 1923 754 1972 inarata
764 1921 922 1989 quotannis,

276 1989 313 2038 Et
322 1990 458 2054 imputata
467 1989 549 2042 llnret
560 2006 646 2058 usque
656 1992 749 2054 rinea3

200 2053 232 2104 45
242 2056 388 2108 Germinat
397 2064 425 2110 et
435 2073 585 2127 numquam
596 2059 719 2113 fallentis
729 2065 832 2112 termes
844 2058 946 2121 olivae,

277 2124 417 2193 Suamqnc
426 2127 504 2193 pulla
515 2131 582 2180 licus
593 2135 676 2182 ornat
684 2128 826 2192 arborem

240 2193 330 2246 Mella
340 2209 408 2256 aava
419 2203 577 2250 manantes
588 2199 663 2252 ilice:
678 2201 818 2250 montibus
829 2198 894 2250 altis

278 2263 360 2315 Levis
371 2272 502 2331 crepante
513 2268 626 2334 lympha
637 2269 731 2321 desilit
741 2269 820 2336 pede.

243 2331 303 2398 illic
313 2334 436 2387 iniussae
446 2338 560 2388 reuiunt
570 2338 605 2389 ad
616 2339 736 2391 mulctra
744 2337 878 2405 capellae,

202 2401 234 2450 dn
281 2403 429 2472 Refer-tque
441 2410 519 2460 teuta
529 2421 598 2476 grex
609 2410 714 2462 amicus
724 2409 825 2471 ubera3

242 2471 300 2524 Nee
310 2477 482 2540 vespertinus
493 2478 685 2545 circumgemit
694 2492 776 2530 ursus
789 2476 863 2538 ovili,

277 2541 373 2609 Neque
384 2545 545 2598 intumescit
553 2546 612 2597 alta
620 2548 721 2613 viperis
732 2546 840 2598 humus.

244 2608 383 2678 Pluraque
391 2612 490 2682 felices
501 2615 675 2666 mirabimnrr
691 2621 723 2666 ut
733 2630 821 2682 neque
835 2615 923 2682 largis

278 2679 402 2745 Aquosus
412 2682 504 2734 Eurus
515 2697 582 2734 arra
591 2683 673 2736 radat
683 2685 831 2746 imbellium
