2080 3102
294 161 396 216 uon
410 165 435 216 '1‘
449 157 541 219 ro'n
737 147 795 225 'aas

41 268 98 322 Non
108 267 181 320 alios
191 266 299 322 iaceret
308 259 426 321 meliora
435 275 578 338 poemata3
593 288 691 326 verum
727 259 729 264 ¹

40 339 84 390 n'il
93 341 164 398 tanti
176 343 228 390 est.
248 339 324 406 Ergo
335 338 436 408 fungar
446 343 507 392 rice
517 344 600 405 cotis,
612 349 724 395 acutum

40 409 247 476 Redderequae
258 407 365 460 ferram
376 410 464 473 valet,
476 423 571 462 exsors
580 415 643 480 ipsa
653 411 778 466 secandis
803 390 854 466 δοῖ
950 399 953 418 ’

7 497 8 518 1
39 480 155 542 Munus,
165 484 195 532 et
204 477 340 542 officium,
350 479 390 530 nii
402 482 526 532 scribens
536 483 609 548 ipse,
620 483 737 534 docebo:

40 549 340 615 Undeparenturopes3
352 550 490 615 quidalat,
502 550 658 620 formetque
669 557 778 619 poetam
785 569 794 616 ;

39 619 110 681 Quid
121 619 227 680 deceat,
234 618 301 686 quid
310 633 380 682 non;
392 633 447 688 quo
457 621 554 684 virtus,
561 637 616 690 quo
627 621 793 674 feratcrror.

39 688 181 740 Scribendi
191 692 281 750 recte,
291 703 391 756 sapere
402 694 445 741 est
455 695 484 742 et
493 693 668 759 principium,
681 695 709 742 et
720 691 794 743 fons:

37 758 103 812 Rem
115 759 167 810 tibi
178 756 339 810 Socraticae
348 763 482 826 poterunt
493 761 641 813 ostendere
653 760 780 826 chartae3
804 765 853 816 em

37 829 182 896 Verbaque
192 829 332 895 provisam
340 843 401 880 rem
412 822 467 882 non
480 831 568 880 invita
577 837 737 899 sequentur.

37 899 90 960 Qui
101 898 211 959 didicit,
222 899 330 965 patriae
345 899 412 966 quid
424 899 537 964 debeat,
550 899 656 968 etquid
668 903 776 966 amicis3

38 968 97 1031 Quo
112 969 150 1020 sit
162 981 260 1020 amore
268 977 388 1036 parens,
407 984 470 1090 qap¹
477 969 568 1022 frater
580 970 715 1021 aurandus
731 975 760 1022 et

472 1055 567 1092 oses·

36 1109 117 1171 Quod
127 1108 165 1158 sit
175 1109 337 1175 conscripti,
348 1109 422 1178 quod
433 1055 532 1160 iudielis
543 1077 678 1172 o'fficium,
689 1124 760 1178 quae

35 1178 135 1230 Partes
144 1180 174 1230 in
184 1177 288 1230 beilum
299 1180 376 1230 missi
388 1180 478 1230 ducis:
493 1179 542 1230 ille
552 1179 679 1246 profecto
805 1178 854 1231 sii

36 1248 164 1302 Reddere
174 1261 311 1314 personae
322 1248 376 1300 scit
386 1250 578 1301 convenientia
589 1250 697 1316 cuique.

35 1319 183 1386 Respicere
195 1317 339 1386 exemplar
348 1321 434 1382 vitae,
444 1319 719 1387 morumque'iubebo

36 1387 158 1440 Doctum
169 1388 352 1452 imitatorem,
362 1393 390 1442 et
398 1391 475 1440 rivas
485 1387 550 1440 hinc
560 1389 663 1441 ducere
671 1403 762 1441 voces.

35 1458 179 1510 Interdum
187 1459 317 1524 speciosa
328 1458 410 1523 iocis,
421 1464 584 1527 morataque
596 1465 672 1511 recte

7 1531 13 1566 i
36 1528 158 1592 Fabula,
168 1527 407 1592 nuliiusreneris,
418 1532 477 1582 sine
487 1530 624 1597 pondere,
635 1532 663 1581 et
673 1531 743 1591 arte,
805 1527 855 1580 520

36 1596 153 1650 Valdius
162 1597 288 1650 oblectat
296 1598 443 1665 populum,
454 1599 609 1668 meliusque
617 1604 755 1661 moratur,

37 1670 127 1731 Quam
138 1681 236 1720 versus
246 1668 343 1735 inopes
354 1681 462 1732 rerum,
473 1681 619 1737 nugaeque
631 1682 760 1722 canorae.

37 1738 130 1789 Graiis
140 1738 296 1806 ingenium,
306 1737 401 1790 Graiis
413 1738 490 1790 dedit
499 1755 547 1792 ore
558 1738 680 1790 rotundo

35 1807 119 1861 Musa
129 1807 221 1876 loqui,
232 1812 344 1875 praeter
354 1805 467 1861 laudem
478 1809 582 1860 nullius
594 1810 693 1860 araris.

36 1877 155 1930 Romani
166 1880 246 1943 pueri
257 1878 348 1946 longis
357 1880 514 1931 rationibus
525 1893 615 1931 assem
661 1897 664 1904 ·
805 1876 854 1930 325

36 1947 158 1999 Discunt
167 1949 197 1998 in
206 1949 301 2014 partes
312 1953 422 2000 centum
433 1949 576 2000 diducere:
590 1948 666 1999 dicat

36 2015 127 2069 Filius
137 2017 241 2068 Albiniz
257 2019 280 2068 si
292 2016 326 2070 de
336 2019 491 2122 quincunce
502 2022 610 2070 remota
621 2022 664 2068 est

37 2087 133 2150 Uncia,
144 2087 212 2154 quid
222 2091 350 2154 superat.
370 2087 488 2152 Poteras
500 2089 611 2150 dixisse,
621 2089 718 2139 triens.
740 2084 794 2138 Eu!

35 2155 103 2208 Rem
113 2159 220 2223 poteris
231 2169 343 2209 servare
353 2161 439 2209 tuam.
460 2159 544 2212 Redit
555 2159 651 2221 uncia,
660 2157 727 2226 quid
738 2153 786 2206 titt
850 2209 852 2214 ,

36 2224 135 2278 Semis.
156 2227 194 2278 At
202 2225 272 2294 haec
281 2229 389 2278 animos
399 2231 558 2297 aerugo,et
567 2243 634 2279 cura
643 2227 743 2294 peculi,
802 2229 856 2280 530

36 2297 130 2358 Quum
142 2295 229 2347 semel
239 2296 384 2361 imbuerit3
399 2295 544 2364 speramus
556 2299 678 2352 carmina
690 2297 756 2366 fingi

36 2364 138 2429 Posse,
148 2365 261 2418 linenda
272 2367 369 2430 cedro,
381 2371 409 2418 et
418 2368 472 2419 levi
482 2367 619 2420 servanda
630 2360 778 2434 cupressoi

35 2437 90 2488 Aut
100 2435 236 2503 prodesse
246 2435 357 2500 volunt,
368 2442 419 2488 aut
428 2437 568 2490 delectare
580 2441 694 2504 poetae;

36 2507 89 2557 dut
99 2506 186 2558 simul
198 2509 228 2557 et
236 2505 369 2568 iucunda,
381 2511 410 2558 et
418 2508 520 2560 idonea
531 2507 623 2559 dicere
633 2509 716 2568 sitae.
808 2527 812 2533 ·
859 2524 863 2531 ·

36 2575 180 2644 Quidquid
191 2573 359 2642 praecipies,
369 2575 543 2641 estobreris3
562 2581 594 2626 ut
604 2577 659 2626 cito
671 2575 745 2625 dicta
803 2579 857 2634 ,535

36 2643 199 2713 Percipient
208 2646 293 2695 animi
305 2645 423 2709 dociles,
434 2651 602 2714 teneantque
613 2643 722 2714 fidel-es:

35 2715 125 2770 omne
134 2729 339 2784 supervacuum
350 2715 433 2784 pleno
444 2717 600 2783 depectere
611 2719 715 2767 manat.
