2060 3100
279 147 451 206 ‘LIBER
477 157 497 208 Ι.
525 151 564 208 d(
755 158 799 210 171

44 257 136 322 Fecit3
151 263 195 320 et,
206 257 365 320 incolumis,
376 257 479 320 laetor,
490 258 564 326 quod
574 260 642 310 vivit
651 262 679 312 in
691 261 776 314 Uitru:

46 327 99 380 Sed
109 327 353 388 tamenadmiror,
364 342 419 394 quo
429 333 510 393 pacto
521 329 653 380 iudicium
663 330 734 381 illud

45 397 170 464 Fugerit.
185 397 247 448 iiic
257 397 352 462 nigrae
363 395 443 447 fucus
453 396 601 465 lolliginie‚
612 397 681 450 haec
691 406 734 450 eat
817 415 859 450 iou

45 467 156 534 Aerugo
166 480 256 516 urei-ar
271 465 346 531 quod
355 467 452 515 vitium
463 465 560 531 procul
569 465 666 518 abfore
676 466 789 534 chartis,

44 538 135 602 Atque
146 535 239 585 animo
250 536 340 600 prius,
350 540 382 584 ut
391 536 414 584 ei
425 537 471 600 qui
483 537 646 601 promittere
657 537 691 588 de
702 552 745 590 me

44 603 162 654 Possum
175 603 294 670 aliquid,
303 617 367 655 vere
377 605 518 670 promitto.
537 604 667 655 Liberius
677 606 701 656 ei

44 672 153 724 Dixere
163 673 243 738 quid,
254 675 278 722 ui
290 671 362 724 forte
373 674 506 735 iocosiue3
517 671 569 724 hoc
579 672 646 724 mihi
655 675 724 726 iuris

46 744 114 792 Cum
125 744 209 792 venia
218 740 305 793 dabis.
320 742 442 793 insuevit
450 746 530 807 pater
540 744 661 808 optimus
672 742 724 796 hoc
733 759 786 805 me,
816 742 861 794 rod

44 812 81 861 lit
91 810 232 878 fugerem,
243 809 377 876 exemplis
386 811 519 861 vitiorum
529 826 656 878 quaeque
667 813 803 873 notandum

46 883 138 942 Quum
150 893 194 931 me
205 878 378 941 hortaretur,
389 893 485 945 parce,
495 879 655 947 frugaliter,
666 888 750 949 atque

45 948 176 1000 Vivorum
186 949 226 998 uti
237 953 384 999 contentus
396 963 443 1010 eo,
454 948 527 1014 quod
539 953 577 998 mi
585 950 645 1018 ipue
656 957 792 1016 parasset:
884 957 886 964 ’

45 1017 145 1070 Nonne
155 1017 245 1077 rides,
255 1017 317 1069 Albi
328 1022 359 1066 ut
369 1017 442 1068 male
452 1019 526 1067 vivat
535 1016 627 1069 tiliuei
642 1024 726 1087 utque

46 1087 154 1139 Burrus
164 1085 260 1152 inope!
275 1101 405 1156 magnum
416 1085 625 1149 documentum,
639 1104 674 1140 ue
683 1090 801 1155 patriam
814 1105 861 1139 110

460 1171 520 1208 rem
800 1175 803 1180 ·

45 1225 168 1278 Perdere
179 1225 241 1291 quis
251 1224 327 1276 velit.
346 1225 368 1276 Α
379 1225 454 1290 turpi
464 1226 618 1276 meretricis
629 1240 723 1280 amora

45 1296 138 1356 Quum
151 1293 318 1346 deterreret:
333 1292 444 1345 Scetani
456 1294 596 1345 dissimilis
607 1296 654 1345 sia.

45 1364 85 1415 Ne
100 1377 236 1430 sequerer
246 1360 388 1424 moechas,
406 1377 537 1423 concessa
547 1379 631 1430 quum
642 1363 750 1416 Venere
760 1368 801 1415 uti

45 1433 173 1483 Possum:
189 1430 325 1496 Depreusi
337 1446 391 1482 uon
402 1431 478 1483 bella
488 1436 531 1483 est
542 1432 617 1482 fama
627 1433 758 1496 Treboni,

44 1499 152 1553 Aiebat.
173 1498 546 1568 Sapiens,vitatu,quidque
557 1503 646 1568 petitu
815 1505 864 1557 115

44 1571 87 1620 sit
98 1570 214 1632 mulius,
225 1583 337 1621 caussas
348 1569 448 1626 reddet
457 1569 520 1620 tibi:
535 1574 652 1622 miratio
663 1576 719 1634 eet,
731 1574 753 1622 si

43 1640 196 1691 Traditum
206 1639 241 1689 ab
251 1639 372 1706 antiquis
383 1653 488 1690 morem
498 1654 623 1702 servare,
632 1645 772 1707 tuamque,

42 1708 119 1759 Dum
133 1707 255 1766 custodie
266 1723 344 1775 egee,
353 1708 453 1769 vitam,
465 1707 623 1776 famamque
634 1711 706 1761 tueri
789 1741 791 1744 -

42 1777 216 1830 incolumem
226 1791 352 1842 possum:
367 1776 451 1828 eimul
461 1791 494 1828 ae
504 1776 646 1829 duraverit
655 1783 734 1829 aetas

42 1846 187 1909 irienrbra,
206 1848 385 1913 animumque
404 1849 498 1966 tuupp3
522 1847 675 1897 nabiesine
691 1847 862 1897 corticano

481 1931 508 1965 re
518 1929 561 1966 me

43 1984 199 2036 Formabat
208 1998 325 2050 puerum
337 1983 433 2034 diotisz-
445 1988 475 2034 et
483 1985 540 2034 sive
550 1984 672 2047 iubebat,

42 2055 81 2103 Ut
91 2053 216 2105 facerem
227 2053 307 2120 quid:
318 2051 402 2104 habea
412 2057 564 2115 auctorem,
575 2068 629 2121 quo
641 2053 728 2105 tacius
738 2051 803 2118 hoe,

42 2124 141 2173 Unum
148 2136 182 2173 ex
192 2122 330 2173 iudicibus
340 2121 450 2173 selectis
462 2121 617 2174 obiiciebat.

42 2190 109 2243 Sive
118 2191 245 2242 vetabat:
260 2205 296 2240 an
306 2189 359 2242 hoo
368 2189 559 2254 inhonestum,
570 2197 598 2243 et
607 2193 707 2244 inutile
718 2193 793 2244 iactu

40 2259 67 2312 N
69 2274 140 2314 eone
149 2262 199 2322 ait,
210 2259 370 2320 addubites,
385 2258 485 2325 flagret
495 2275 608 2312 rumore
618 2262 692 2313 maio
702 2277 786 2328 quum
816 2264 862 2314 ηδ

40 2331 112 2391 ilic,
123 2333 208 2395 atque
218 2327 285 2379 illut
298 2328 398 2380 Avidos
408 2330 528 2379 vicinum
538 2329 622 2381 funus
632 2337 664 2381 ut
673 2346 772 2397 aegros

40 2399 208 2460 Exanimat,
219 2399 371 2465 mortisque
381 2403 457 2450 metu
468 2397 520 2449 sibi
530 2414 644 2464 parcere
654 2401 743 2466 co'git;

41 2467 89 2520 Sic
99 2472 214 2519 teneros
225 2468 333 2519 animos
344 2466 435 2519 aliena
446 2469 593 2533 opprobria
603 2483 685 2533 saepe

40 2539 210 2588 absterrent
220 2537 305 2588 vitiis.
324 2537 367 2588 Ex
375 2535 428 2588 hoo
438 2550 489 2604 ego
499 2551 583 2586 sanus
594 2536 628 2586 ab
639 2535 704 2596 iiiia,

40 2599 203 2660 Perniciem
219 2621 411 2674 quaecumque
426 2605 532 2722 serapt:
558 2603 756 2667 mediocribus,
776 2607 863 2659 et13o

461 2687 523 2740 qus
