<?xml version="1.0" encoding="UTF-8"?>
<!DOCTYPE html PUBLIC "-//W3C//DTD XHTML 1.0 Transitional//EN"
    "http://www.w3.org/TR/xhtml1/DTD/xhtml1-transitional.dtd">
<html xmlns="http://www.w3.org/1999/xhtml" xml:lang="en" lang="en">
 <head>
  <title>
</title>
<meta http-equiv="Content-Type" content="text/html;charset=utf-8" />
  <meta name='ocr-system' content='tesseract 3.04.00' />
  <meta name='ocr-capabilities' content='ocr_page ocr_carea ocr_par ocr_line ocrx_word'/>
</head>
<body>
  <div class='ocr_page' id='page_1' title='image "./qhoratiiflaccio01horagoog_0179.png"; bbox 0 0 2060 3100; ppageno 0'>
   <div class='ocr_carea' id='block_1_1' title="bbox 266 185 767 242">
    <p class='ocr_par' dir='ltr' id='par_1_1' title="bbox 266 185 767 242">
     <span class='ocr_line' id='line_1_1' title="bbox 266 185 767 242; baseline 0.004 -2"><span class='ocrx_word' id='word_1_1' title='bbox 266 186 415 240; x_wconf 82' lang='lat' dir='ltr'>LIBER</span> <span class='ocrx_word' id='word_1_2' title='bbox 442 189 463 241; x_wconf 87' lang='lat' dir='ltr'><strong>i.</strong></span> <span class='ocrx_word' id='word_1_3' title='bbox 492 186 518 242; x_wconf 76' lang='lat'><strong>³.</strong></span> <span class='ocrx_word' id='word_1_4' title='bbox 718 185 767 242; x_wconf 77' lang='lat' dir='ltr'><strong>lut</strong></span> 
     </span>
    </p>
   </div>
   <div class='ocr_carea' id='block_1_2' title="bbox 1 277 810 2785">
    <p class='ocr_par' dir='ltr' id='par_1_2' title="bbox 10 277 766 426">
     <span class='ocr_line' id='line_1_2' title="bbox 10 277 766 360; baseline 0 -16"><span class='ocrx_word' id='word_1_5' title='bbox 10 277 159 360; x_wconf 68' lang='lat' dir='ltr'><strong>Sisyphus!</strong></span> <span class='ocrx_word' id='word_1_6' title='bbox 179 287 381 360; x_wconf 69' lang='lat' dir='ltr'><strong>buncl&#39;srum,</strong></span> <span class='ocrx_word' id='word_1_7' title='bbox 397 287 523 342; x_wconf 85' lang='lat' dir='ltr'><strong>distortis</strong></span> <span class='ocrx_word' id='word_1_8' title='bbox 532 291 671 344; x_wconf 82' lang='lat' dir='ltr'><strong>cruribus:</strong></span> <span class='ocrx_word' id='word_1_9' title='bbox 686 291 766 346; x_wconf 89' lang='lat' dir='ltr'><strong>illum</strong></span> 
     </span>
     <span class='ocr_line' id='line_1_3' title="bbox 10 359 680 426; baseline 0 -14"><span class='ocrx_word' id='word_1_10' title='bbox 10 361 134 412; x_wconf 80' lang='lat' dir='ltr'><strong>balbutit</strong></span> <span class='ocrx_word' id='word_1_11' title='bbox 145 359 297 422; x_wconf 75' lang='lat' dir='ltr'><strong>Scaurum,</strong></span> <span class='ocrx_word' id='word_1_12' title='bbox 308 361 399 426; x_wconf 85' lang='lat' dir='ltr'><strong>pravis</strong></span> <span class='ocrx_word' id='word_1_13' title='bbox 410 359 509 411; x_wconf 82' lang='lat' dir='ltr'><strong>fultum</strong></span> <span class='ocrx_word' id='word_1_14' title='bbox 523 361 595 414; x_wconf 82' lang='lat' dir='ltr'><strong>male</strong></span> <span class='ocrx_word' id='word_1_15' title='bbox 606 361 680 414; x_wconf 79' lang='lat' dir='ltr'><strong>talis.</strong></span> 
     </span>
    </p>

    <p class='ocr_par' dir='ltr' id='par_1_3' title="bbox 10 427 632 497">
     <span class='ocr_line' id='line_1_4' title="bbox 10 427 632 497; baseline 0 -16"><span class='ocrx_word' id='word_1_16' title='bbox 10 431 121 486; x_wconf 79' lang='lat' dir='ltr'><strong>Parcius</strong></span> <span class='ocrx_word' id='word_1_17' title='bbox 132 427 179 481; x_wconf 87' lang='lat' dir='ltr'><strong>hic</strong></span> <span class='ocrx_word' id='word_1_18' title='bbox 190 427 275 479; x_wconf 67' lang='lat' dir='ltr'><strong>sivit!</strong></span> <span class='ocrx_word' id='word_1_19' title='bbox 289 427 363 496; x_wconf 82' lang='lat' dir='ltr'><strong>frugi</strong></span> <span class='ocrx_word' id='word_1_20' title='bbox 375 429 492 480; x_wconf 82' lang='lat' dir='ltr'><strong>dicatur.</strong></span> <span class='ocrx_word' id='word_1_21' title='bbox 512 430 632 497; x_wconf 87' lang='lat' dir='ltr'><strong>Ineptus,</strong></span> 
     </span>
    </p>

    <p class='ocr_par' dir='ltr' id='par_1_4' title="bbox 8 496 809 773">
     <span class='ocr_line' id='line_1_5' title="bbox 8 496 809 564; baseline 0 -14"><span class='ocrx_word' id='word_1_22' title='bbox 8 502 41 550; x_wconf 81' lang='lat' dir='ltr'><strong>lit</strong></span> <span class='ocrx_word' id='word_1_23' title='bbox 50 499 208 564; x_wconf 74' lang='lat' dir='ltr'><strong>iactantior</strong></span> <span class='ocrx_word' id='word_1_24' title='bbox 219 496 264 548; x_wconf 90' lang='lat' dir='ltr'><strong>bic</strong></span> <span class='ocrx_word' id='word_1_25' title='bbox 273 497 368 562; x_wconf 83' lang='lat' dir='ltr'><strong>paullo</strong></span> <span class='ocrx_word' id='word_1_26' title='bbox 380 497 439 550; x_wconf 76' lang='lat' dir='ltr'><strong>esti</strong></span> <span class='ocrx_word' id='word_1_27' title='bbox 455 500 606 550; x_wconf 85' lang='lat' dir='ltr'><strong>concinnus</strong></span> <span class='ocrx_word' id='word_1_28' title='bbox 617 501 714 554; x_wconf 74' lang='lat' dir='ltr'><strong>suricis</strong></span> <span class='ocrx_word' id='word_1_29' title='bbox 778 504 809 554; x_wconf 85' lang='lat'><strong>50</strong></span> 
     </span>
     <span class='ocr_line' id='line_1_6' title="bbox 9 567 745 635; baseline 0 -15"><span class='ocrx_word' id='word_1_30' title='bbox 9 569 138 620; x_wconf 82' lang='lat' dir='ltr'><strong>Postulat</strong></span> <span class='ocrx_word' id='word_1_31' title='bbox 148 572 182 617; x_wconf 93' lang='lat' dir='ltr'><strong>ut</strong></span> <span class='ocrx_word' id='word_1_32' title='bbox 190 567 329 619; x_wconf 77' lang='lat' dir='ltr'><strong>rideatur.</strong></span> <span class='ocrx_word' id='word_1_33' title='bbox 350 568 385 617; x_wconf 75' lang='lat' dir='ltr'><strong>rit</strong></span> <span class='ocrx_word' id='word_1_34' title='bbox 395 571 437 618; x_wconf 90' lang='lat' dir='ltr'><strong>est</strong></span> <span class='ocrx_word' id='word_1_35' title='bbox 448 567 649 631; x_wconf 78' lang='lat' dir='ltr'><strong>truculentior,</strong></span> <span class='ocrx_word' id='word_1_36' title='bbox 660 573 745 635; x_wconf 80' lang='lat' dir='ltr'><strong>atque</strong></span> 
     </span>
     <span class='ocr_line' id='line_1_7' title="bbox 9 634 722 704; baseline 0 -16"><span class='ocrx_word' id='word_1_37' title='bbox 9 639 72 689; x_wconf 88' lang='lat' dir='ltr'><strong>Plus</strong></span> <span class='ocrx_word' id='word_1_38' title='bbox 84 652 178 704; x_wconf 83' lang='lat' dir='ltr'><strong>aequo</strong></span> <span class='ocrx_word' id='word_1_39' title='bbox 188 634 279 688; x_wconf 72' lang='lat' dir='ltr'><strong>liber!</strong></span> <span class='ocrx_word' id='word_1_40' title='bbox 289 635 419 702; x_wconf 75' lang='lat' dir='ltr'>simplex,</span> <span class='ocrx_word' id='word_1_41' title='bbox 430 636 566 704; x_wconf 79' lang='lat' dir='ltr'><strong>fortisque</strong></span> <span class='ocrx_word' id='word_1_42' title='bbox 577 637 722 689; x_wconf 76' lang='lat' dir='ltr'><strong>habentur.</strong></span> 
     </span>
     <span class='ocr_line' id='line_1_8' title="bbox 9 705 694 773; baseline -0.001 -16"><span class='ocrx_word' id='word_1_43' title='bbox 9 708 123 758; x_wconf 77' lang='lat' dir='ltr'><strong>Caldior</strong></span> <span class='ocrx_word' id='word_1_44' title='bbox 135 705 197 757; x_wconf 71' lang='lat' dir='ltr'><strong>esti</strong></span> <span class='ocrx_word' id='word_1_45' title='bbox 214 719 291 756; x_wconf 85' lang='lat' dir='ltr'><strong>acres</strong></span> <span class='ocrx_word' id='word_1_46' title='bbox 301 705 376 756; x_wconf 92' lang='lat' dir='ltr'><strong>inter</strong></span> <span class='ocrx_word' id='word_1_47' title='bbox 386 711 556 757; x_wconf 76' lang='lat' dir='ltr'><strong>numeretur.</strong></span> <span class='ocrx_word' id='word_1_48' title='bbox 579 707 694 773; x_wconf 88' lang='lat' dir='ltr'><strong>Opinor,</strong></span> 
     </span>
    </p>

    <p class='ocr_par' dir='ltr' id='par_1_5' title="bbox 10 775 686 846">
     <span class='ocr_line' id='line_1_9' title="bbox 10 775 686 846; baseline 0 -19"><span class='ocrx_word' id='word_1_49' title='bbox 10 778 86 828; x_wconf 86' lang='lat' dir='ltr'><strong>llaec</strong></span> <span class='ocrx_word' id='word_1_50' title='bbox 96 790 145 838; x_wconf 85' lang='lat' dir='ltr'><strong>res</strong></span> <span class='ocrx_word' id='word_1_51' title='bbox 157 781 186 826; x_wconf 87' lang='lat' dir='ltr'><strong>et</strong></span> <span class='ocrx_word' id='word_1_52' title='bbox 184 775 288 846; x_wconf 74' lang='lat' dir='ltr'><strong>jungit</strong></span> <span class='ocrx_word' id='word_1_53' title='bbox 291 810 300 835; x_wconf 96' lang='lat'><strong>,</strong></span> <span class='ocrx_word' id='word_1_54' title='bbox 310 776 420 826; x_wconf 90' lang='lat' dir='ltr'><strong>iunctos</strong></span> <span class='ocrx_word' id='word_1_55' title='bbox 431 779 460 826; x_wconf 86' lang='lat' dir='ltr'><strong>et</strong></span> <span class='ocrx_word' id='word_1_56' title='bbox 470 781 564 826; x_wconf 80' lang='lat' dir='ltr'><strong>serrat</strong></span> <span class='ocrx_word' id='word_1_57' title='bbox 573 777 686 828; x_wconf 80' lang='lat' dir='ltr'><strong>amicos.</strong></span> 
     </span>
    </p>

    <p class='ocr_par' dir='ltr' id='par_1_6' title="bbox 9 843 809 1534">
     <span class='ocr_line' id='line_1_10' title="bbox 9 843 809 912; baseline 0.001 -17"><span class='ocrx_word' id='word_1_58' title='bbox 9 848 38 896; x_wconf 81' lang='lat' dir='ltr'><strong>m</strong></span> <span class='ocrx_word' id='word_1_59' title='bbox 48 861 102 896; x_wconf 90' lang='lat' dir='ltr'><strong>nos</strong></span> <span class='ocrx_word' id='word_1_60' title='bbox 112 843 235 895; x_wconf 84' lang='lat' dir='ltr'><strong>virtutes</strong></span> <span class='ocrx_word' id='word_1_61' title='bbox 245 844 320 909; x_wconf 81' lang='lat' dir='ltr'><strong>ipsas</strong></span> <span class='ocrx_word' id='word_1_62' title='bbox 330 845 506 907; x_wconf 82' lang='lat' dir='ltr'><strong>invertimus;</strong></span> <span class='ocrx_word' id='word_1_63' title='bbox 521 849 604 912; x_wconf 80' lang='lat' dir='ltr'><strong>etque</strong></span> <span class='ocrx_word' id='word_1_64' title='bbox 777 849 809 901; x_wconf 85' lang='lat'><strong>55</strong></span> 
     </span>
     <span class='ocr_line' id='line_1_11' title="bbox 9 912 727 980; baseline -0.001 -15"><span class='ocrx_word' id='word_1_65' title='bbox 9 914 156 966; x_wconf 88' lang='lat' dir='ltr'><strong>Sincerum</strong></span> <span class='ocrx_word' id='word_1_66' title='bbox 168 914 293 978; x_wconf 90' lang='lat' dir='ltr'><strong>cupimus</strong></span> <span class='ocrx_word' id='word_1_67' title='bbox 302 927 351 963; x_wconf 80' lang='lat' dir='ltr'><strong>ves</strong></span> <span class='ocrx_word' id='word_1_68' title='bbox 361 915 527 965; x_wconf 75' lang='lat' dir='ltr'><strong>incrustare.</strong></span> <span class='ocrx_word' id='word_1_69' title='bbox 547 912 654 965; x_wconf 88' lang='lat' dir='ltr'><strong>Probus</strong></span> <span class='ocrx_word' id='word_1_70' title='bbox 665 915 727 980; x_wconf 83' lang='lat' dir='ltr'><strong>quis</strong></span> 
     </span>
     <span class='ocr_line' id='line_1_12' title="bbox 10 976 698 1045; baseline -0.001 -11"><span class='ocrx_word' id='word_1_71' title='bbox 10 984 160 1035; x_wconf 79' lang='lat' dir='ltr'><strong>Nobiscum</strong></span> <span class='ocrx_word' id='word_1_72' title='bbox 171 976 254 1045; x_wconf 67' lang='lat' dir='ltr'><strong>&#39;rii&#39;it3</strong></span> <span class='ocrx_word' id='word_1_73' title='bbox 268 981 385 1032; x_wconf 90' lang='lat' dir='ltr'><strong>multum</strong></span> <span class='ocrx_word' id='word_1_74' title='bbox 397 982 533 1033; x_wconf 89' lang='lat' dir='ltr'><strong>demissus</strong></span> <span class='ocrx_word' id='word_1_75' title='bbox 544 981 634 1034; x_wconf 91' lang='lat' dir='ltr'><strong>homo.</strong></span> <span class='ocrx_word' id='word_1_76' title='bbox 654 983 698 1034; x_wconf 92' lang='lat' dir='ltr'><strong>llli</strong></span> 
     </span>
     <span class='ocr_line' id='line_1_13' title="bbox 9 1051 766 1119; baseline -0.003 -15"><span class='ocrx_word' id='word_1_77' title='bbox 9 1053 111 1116; x_wconf 77' lang='lat' dir='ltr'><strong>Turdo,</strong></span> <span class='ocrx_word' id='word_1_78' title='bbox 123 1051 384 1118; x_wconf 66' lang='lat' dir='ltr'><strong>eognomnPingui</strong></span> <span class='ocrx_word' id='word_1_79' title='bbox 396 1052 502 1103; x_wconf 83' lang='lat' dir='ltr'><strong>damus.</strong></span> <span class='ocrx_word' id='word_1_80' title='bbox 522 1051 577 1104; x_wconf 88' lang='lat' dir='ltr'><strong>Hic</strong></span> <span class='ocrx_word' id='word_1_81' title='bbox 587 1051 659 1119; x_wconf 80' lang='lat' dir='ltr'><strong>fugit</strong></span> <span class='ocrx_word' id='word_1_82' title='bbox 670 1067 766 1103; x_wconf 88' lang='lat' dir='ltr'><strong>omues</strong></span> 
     </span>
     <span class='ocr_line' id='line_1_14' title="bbox 9 1119 692 1187; baseline -0.004 -13"><span class='ocrx_word' id='word_1_83' title='bbox 9 1123 141 1183; x_wconf 80' lang='lat' dir='ltr'><strong>insidias,</strong></span> <span class='ocrx_word' id='word_1_84' title='bbox 153 1119 223 1170; x_wconf 88' lang='lat' dir='ltr'><strong>nulli</strong></span> <span class='ocrx_word' id='word_1_85' title='bbox 244 1135 277 1172; x_wconf 86' lang='lat' dir='ltr'><strong>ue</strong></span> <span class='ocrx_word' id='word_1_86' title='bbox 289 1121 365 1172; x_wconf 80' lang='lat' dir='ltr'><strong>melo</strong></span> <span class='ocrx_word' id='word_1_87' title='bbox 374 1121 448 1171; x_wconf 85' lang='lat' dir='ltr'><strong>latus</strong></span> <span class='ocrx_word' id='word_1_88' title='bbox 459 1121 537 1172; x_wconf 86' lang='lat' dir='ltr'><strong>obdit</strong></span> <span class='ocrx_word' id='word_1_89' title='bbox 548 1119 692 1187; x_wconf 67' lang='lat' dir='ltr'><strong>opertum!</strong></span> 
     </span>
     <span class='ocr_line' id='line_1_15' title="bbox 10 1135 809 1257; baseline -0.005 -15"><span class='ocrx_word' id='word_1_90' title='bbox 10 1193 121 1254; x_wconf 67' lang='lat' dir='ltr'><strong>(Quum</strong></span> <span class='ocrx_word' id='word_1_91' title='bbox 128 1135 281 1257; x_wconf 46' lang='lat' dir='ltr'><strong>genusiroo</strong></span> <span class='ocrx_word' id='word_1_92' title='bbox 291 1191 365 1242; x_wconf 88' lang='lat' dir='ltr'><strong>inter</strong></span> <span class='ocrx_word' id='word_1_93' title='bbox 375 1192 451 1242; x_wconf 77' lang='lat' dir='ltr'><strong>ritae</strong></span> <span class='ocrx_word' id='word_1_94' title='bbox 459 1196 599 1252; x_wconf 75' lang='lat' dir='ltr'><strong>versetur,</strong></span> <span class='ocrx_word' id='word_1_95' title='bbox 610 1192 657 1241; x_wconf 93' lang='lat' dir='ltr'><strong>ubi</strong></span> <span class='ocrx_word' id='word_1_96' title='bbox 668 1193 740 1242; x_wconf 84' lang='lat' dir='ltr'><strong>acris</strong></span> <span class='ocrx_word' id='word_1_97' title='bbox 776 1186 809 1238; x_wconf 65' lang='lat' dir='ltr'><strong>(io</strong></span> 
     </span>
     <span class='ocr_line' id='line_1_16' title="bbox 9 1259 767 1328; baseline -0.003 -16"><span class='ocrx_word' id='word_1_98' title='bbox 9 1261 126 1322; x_wconf 83' lang='lat' dir='ltr'><strong>lnvidia,</strong></span> <span class='ocrx_word' id='word_1_99' title='bbox 138 1265 223 1328; x_wconf 84' lang='lat' dir='ltr'><strong>atque</strong></span> <span class='ocrx_word' id='word_1_100' title='bbox 234 1260 329 1326; x_wconf 80' lang='lat' dir='ltr'><strong>vigent</strong></span> <span class='ocrx_word' id='word_1_101' title='bbox 338 1260 384 1312; x_wconf 90' lang='lat' dir='ltr'><strong>ubi</strong></span> <span class='ocrx_word' id='word_1_102' title='bbox 396 1261 528 1322; x_wconf 82' lang='lat' dir='ltr'><strong>crimina)</strong></span> <span class='ocrx_word' id='word_1_103' title='bbox 543 1274 593 1326; x_wconf 92' lang='lat' dir='ltr'><strong>pro</strong></span> <span class='ocrx_word' id='word_1_104' title='bbox 602 1259 674 1311; x_wconf 86' lang='lat' dir='ltr'><strong>bene</strong></span> <span class='ocrx_word' id='word_1_105' title='bbox 690 1274 767 1321; x_wconf 80' lang='lat' dir='ltr'><strong>sano,</strong></span> 
     </span>
     <span class='ocr_line' id='line_1_17' title="bbox 9 1330 702 1398; baseline -0.004 -17"><span class='ocrx_word' id='word_1_106' title='bbox 9 1333 41 1382; x_wconf 80' lang='lat' dir='ltr'><strong>lc</strong></span> <span class='ocrx_word' id='word_1_107' title='bbox 51 1345 109 1381; x_wconf 90' lang='lat' dir='ltr'><strong>non</strong></span> <span class='ocrx_word' id='word_1_108' title='bbox 120 1331 250 1390; x_wconf 77' lang='lat' dir='ltr'><strong>incauto,</strong></span> <span class='ocrx_word' id='word_1_109' title='bbox 260 1330 367 1392; x_wconf 79' lang='lat' dir='ltr'><strong>lictum,</strong></span> <span class='ocrx_word' id='word_1_110' title='bbox 377 1334 555 1398; x_wconf 76' lang='lat' dir='ltr'><strong>astutumque</strong></span> <span class='ocrx_word' id='word_1_111' title='bbox 565 1343 702 1380; x_wconf 81' lang='lat' dir='ltr'><strong>voremus.</strong></span> 
     </span>
     <span class='ocr_line' id='line_1_18' title="bbox 10 1398 766 1467; baseline -0.001 -16"><span class='ocrx_word' id='word_1_112' title='bbox 10 1400 169 1466; x_wconf 83' lang='lat' dir='ltr'><strong>Simplicior</strong></span> <span class='ocrx_word' id='word_1_113' title='bbox 180 1399 256 1466; x_wconf 83' lang='lat' dir='ltr'><strong>quis,</strong></span> <span class='ocrx_word' id='word_1_114' title='bbox 267 1402 295 1450; x_wconf 91' lang='lat' dir='ltr'><strong>et</strong></span> <span class='ocrx_word' id='word_1_115' title='bbox 306 1402 361 1462; x_wconf 88' lang='lat' dir='ltr'><strong>est,</strong></span> <span class='ocrx_word' id='word_1_116' title='bbox 376 1399 486 1467; x_wconf 85' lang='lat' dir='ltr'><strong>qualem</strong></span> <span class='ocrx_word' id='word_1_117' title='bbox 498 1413 542 1449; x_wconf 89' lang='lat' dir='ltr'><strong>me</strong></span> <span class='ocrx_word' id='word_1_118' title='bbox 554 1413 635 1464; x_wconf 82' lang='lat' dir='ltr'><strong>saepe</strong></span> <span class='ocrx_word' id='word_1_119' title='bbox 647 1398 766 1450; x_wconf 84' lang='lat' dir='ltr'><strong>libenter</strong></span> 
     </span>
     <span class='ocr_line' id='line_1_19' title="bbox 10 1467 705 1534; baseline -0.004 -14"><span class='ocrx_word' id='word_1_120' title='bbox 10 1469 242 1532; x_wconf 77' lang='lat' dir='ltr'><strong>obtulerim-tibi,</strong></span> <span class='ocrx_word' id='word_1_121' title='bbox 252 1467 416 1530; x_wconf 78' lang='lat' dir='ltr'><strong>Maeceuss3</strong></span> <span class='ocrx_word' id='word_1_122' title='bbox 431 1467 546 1520; x_wconf 79' lang='lat' dir='ltr'><strong>utforte</strong></span> <span class='ocrx_word' id='word_1_123' title='bbox 556 1467 705 1534; x_wconf 86' lang='lat' dir='ltr'><strong>legentem,</strong></span> 
     </span>
    </p>

    <p class='ocr_par' dir='ltr' id='par_1_7' title="bbox 7 1535 810 1811">
     <span class='ocr_line' id='line_1_20' title="bbox 8 1535 810 1604; baseline -0.004 -14"><span class='ocrx_word' id='word_1_124' title='bbox 8 1542 58 1590; x_wconf 82' lang='lat' dir='ltr'><strong>lut</strong></span> <span class='ocrx_word' id='word_1_125' title='bbox 68 1535 192 1590; x_wconf 84' lang='lat' dir='ltr'><strong>tacitum</strong></span> <span class='ocrx_word' id='word_1_126' title='bbox 204 1536 330 1604; x_wconf 81' lang='lat' dir='ltr'><strong>impellat</strong></span> <span class='ocrx_word' id='word_1_127' title='bbox 342 1539 438 1604; x_wconf 75' lang='lat' dir='ltr'><strong>quovis</strong></span> <span class='ocrx_word' id='word_1_128' title='bbox 448 1535 595 1589; x_wconf 65' lang='lat' dir='ltr'><strong>sermone?</strong></span> <span class='ocrx_word' id='word_1_129' title='bbox 613 1535 765 1596; x_wconf 81' lang='lat' dir='ltr'><strong>Molestus!</strong></span> <span class='ocrx_word' id='word_1_130' title='bbox 775 1536 810 1590; x_wconf 74' lang='lat'><strong>65</strong></span> 
     </span>
     <span class='ocr_line' id='line_1_21' title="bbox 8 1605 766 1676; baseline -0.004 -17"><span class='ocrx_word' id='word_1_131' title='bbox 8 1607 156 1660; x_wconf 84' lang='lat' dir='ltr'><strong>Communi</strong></span> <span class='ocrx_word' id='word_1_132' title='bbox 167 1622 251 1658; x_wconf 89' lang='lat' dir='ltr'><strong>sensu</strong></span> <span class='ocrx_word' id='word_1_133' title='bbox 261 1606 343 1672; x_wconf 86' lang='lat' dir='ltr'><strong>plane</strong></span> <span class='ocrx_word' id='word_1_134' title='bbox 355 1614 440 1669; x_wconf 82' lang='lat' dir='ltr'><strong>caret,</strong></span> <span class='ocrx_word' id='word_1_135' title='bbox 450 1607 598 1676; x_wconf 79' lang='lat' dir='ltr'><strong>inquimus.</strong></span> <span class='ocrx_word' id='word_1_136' title='bbox 619 1607 691 1669; x_wconf 91' lang='lat' dir='ltr'><strong>lleu,</strong></span> <span class='ocrx_word' id='word_1_137' title='bbox 703 1605 766 1668; x_wconf 88' lang='lat' dir='ltr'><strong>heu,</strong></span> 
     </span>
     <span class='ocr_line' id='line_1_22' title="bbox 7 1674 767 1743; baseline -0.007 -13"><span class='ocrx_word' id='word_1_138' title='bbox 7 1679 96 1740; x_wconf 77' lang='lat' dir='ltr'><strong>Quam</strong></span> <span class='ocrx_word' id='word_1_139' title='bbox 105 1683 217 1728; x_wconf 90' lang='lat' dir='ltr'><strong>temere</strong></span> <span class='ocrx_word' id='word_1_140' title='bbox 227 1678 255 1726; x_wconf 89' lang='lat' dir='ltr'><strong>in</strong></span> <span class='ocrx_word' id='word_1_141' title='bbox 265 1680 374 1728; x_wconf 85' lang='lat' dir='ltr'><strong>nosmet</strong></span> <span class='ocrx_word' id='word_1_142' title='bbox 385 1675 474 1743; x_wconf 86' lang='lat' dir='ltr'><strong>legem</strong></span> <span class='ocrx_word' id='word_1_143' title='bbox 484 1674 767 1743; x_wconf 79' lang='lat' dir='ltr'><strong>sancimusiniquam!</strong></span> 
     </span>
     <span class='ocr_line' id='line_1_23' title="bbox 7 1745 731 1811; baseline -0.008 -12"><span class='ocrx_word' id='word_1_144' title='bbox 7 1748 74 1800; x_wconf 82' lang='lat' dir='ltr'><strong>Num</strong></span> <span class='ocrx_word' id='word_1_145' title='bbox 87 1747 166 1808; x_wconf 83' lang='lat' dir='ltr'><strong>vitiis</strong></span> <span class='ocrx_word' id='word_1_146' title='bbox 177 1760 257 1797; x_wconf 88' lang='lat' dir='ltr'><strong>nemo</strong></span> <span class='ocrx_word' id='word_1_147' title='bbox 267 1746 327 1796; x_wconf 86' lang='lat' dir='ltr'><strong>sine</strong></span> <span class='ocrx_word' id='word_1_148' title='bbox 337 1747 473 1801; x_wconf 76' lang='lat' dir='ltr'><strong>nascitur:</strong></span> <span class='ocrx_word' id='word_1_149' title='bbox 487 1747 609 1811; x_wconf 87' lang='lat' dir='ltr'><strong>optimus</strong></span> <span class='ocrx_word' id='word_1_150' title='bbox 620 1745 669 1797; x_wconf 90' lang='lat' dir='ltr'><strong>ille</strong></span> <span class='ocrx_word' id='word_1_151' title='bbox 679 1751 731 1806; x_wconf 85' lang='lat' dir='ltr'><strong>est,</strong></span> 
     </span>
    </p>

    <p class='ocr_par' dir='ltr' id='par_1_8' title="bbox 5 1814 808 2020">
     <span class='ocr_line' id='line_1_24' title="bbox 6 1814 766 1882; baseline -0.009 -13"><span class='ocrx_word' id='word_1_152' title='bbox 6 1819 56 1880; x_wconf 76' lang='lat' dir='ltr'><strong>Qui</strong></span> <span class='ocrx_word' id='word_1_153' title='bbox 63 1816 192 1868; x_wconf 86' lang='lat' dir='ltr'><strong>minimis</strong></span> <span class='ocrx_word' id='word_1_154' title='bbox 198 1820 322 1882; x_wconf 80' lang='lat' dir='ltr'><strong>urgetur.</strong></span> <span class='ocrx_word' id='word_1_155' title='bbox 332 1814 708 1880; x_wconf 78' lang='lat' dir='ltr'><strong>Amicusdulcis‚utaequum</strong></span> <span class='ocrx_word' id='word_1_156' title='bbox 715 1819 766 1870; x_wconf 78' lang='lat' dir='ltr'><strong>est,</strong></span> 
     </span>
     <span class='ocr_line' id='line_1_25' title="bbox 5 1880 808 1950; baseline -0.011 -13"><span class='ocrx_word' id='word_1_157' title='bbox 5 1889 98 1950; x_wconf 80' lang='lat' dir='ltr'><strong>Quum</strong></span> <span class='ocrx_word' id='word_1_158' title='bbox 110 1900 177 1938; x_wconf 80' lang='lat' dir='ltr'><strong>mea</strong></span> <span class='ocrx_word' id='word_1_159' title='bbox 187 1890 345 1950; x_wconf 82' lang='lat' dir='ltr'><strong>compenset</strong></span> <span class='ocrx_word' id='word_1_160' title='bbox 354 1885 428 1934; x_wconf 81' lang='lat' dir='ltr'><strong>vitiis</strong></span> <span class='ocrx_word' id='word_1_161' title='bbox 439 1885 525 1948; x_wconf 80' lang='lat' dir='ltr'><strong>bons3</strong></span> <span class='ocrx_word' id='word_1_162' title='bbox 538 1882 664 1950; x_wconf 90' lang='lat' dir='ltr'><strong>pluribus</strong></span> <span class='ocrx_word' id='word_1_163' title='bbox 674 1880 748 1936; x_wconf 86' lang='lat' dir='ltr'><strong>hisce</strong></span> <span class='ocrx_word' id='word_1_164' title='bbox 777 1896 808 1946; x_wconf 79' lang='lat'><strong>7⁰</strong></span> 
     </span>
     <span class='ocr_line' id='line_1_26' title="bbox 5 1952 732 2020; baseline -0.007 -13"><span class='ocrx_word' id='word_1_165' title='bbox 5 1956 47 2018; x_wconf 89' lang='lat' dir='ltr'><strong>(Si</strong></span> <span class='ocrx_word' id='word_1_166' title='bbox 59 1955 150 2020; x_wconf 77' lang='lat' dir='ltr'><strong>niodo</strong></span> <span class='ocrx_word' id='word_1_167' title='bbox 162 1953 243 2020; x_wconf 86' lang='lat' dir='ltr'><strong>plurs</strong></span> <span class='ocrx_word' id='word_1_168' title='bbox 253 1952 320 2004; x_wconf 88' lang='lat' dir='ltr'><strong>mihi</strong></span> <span class='ocrx_word' id='word_1_169' title='bbox 330 1955 403 2005; x_wconf 85' lang='lat' dir='ltr'><strong>bons</strong></span> <span class='ocrx_word' id='word_1_170' title='bbox 413 1957 493 2016; x_wconf 76' lang='lat' dir='ltr'><strong>sunt)</strong></span> <span class='ocrx_word' id='word_1_171' title='bbox 504 1954 631 2012; x_wconf 86' lang='lat' dir='ltr'><strong>inclinet,</strong></span> <span class='ocrx_word' id='word_1_172' title='bbox 642 1952 732 2002; x_wconf 78' lang='lat' dir='ltr'><strong>ornari</strong></span> 
     </span>
    </p>

    <p class='ocr_par' dir='ltr' id='par_1_9' title="bbox 4 2020 709 2090">
     <span class='ocr_line' id='line_1_27' title="bbox 4 2020 709 2090; baseline -0.011 -12"><span class='ocrx_word' id='word_1_173' title='bbox 4 2025 31 2078; x_wconf 79' lang='lat' dir='ltr'><strong>Si</strong></span> <span class='ocrx_word' id='word_1_174' title='bbox 41 2025 138 2077; x_wconf 71' lang='lat' dir='ltr'><strong>rolett</strong></span> <span class='ocrx_word' id='word_1_175' title='bbox 154 2020 205 2074; x_wconf 86' lang='lat' dir='ltr'><strong>hac</strong></span> <span class='ocrx_word' id='word_1_176' title='bbox 215 2023 289 2090; x_wconf 84' lang='lat' dir='ltr'><strong>lege,</strong></span> <span class='ocrx_word' id='word_1_177' title='bbox 298 2024 328 2073; x_wconf 89' lang='lat' dir='ltr'><strong>in</strong></span> <span class='ocrx_word' id='word_1_178' title='bbox 339 2024 445 2074; x_wconf 85' lang='lat' dir='ltr'><strong>trutina</strong></span> <span class='ocrx_word' id='word_1_179' title='bbox 455 2028 574 2090; x_wconf 88' lang='lat' dir='ltr'><strong>ponetur</strong></span> <span class='ocrx_word' id='word_1_180' title='bbox 584 2020 690 2073; x_wconf 82' lang='lat' dir='ltr'><strong>eadem.</strong></span> <span class='ocrx_word' id='word_1_181' title='bbox 700 2057 709 2070; x_wconf 74' lang='grc'><em>,</em></span> 
     </span>
    </p>

    <p class='ocr_par' dir='ltr' id='par_1_10' title="bbox 1 2091 808 2579">
     <span class='ocr_line' id='line_1_28' title="bbox 2 2091 682 2159; baseline -0.006 -14"><span class='ocrx_word' id='word_1_182' title='bbox 2 2096 72 2158; x_wconf 72' lang='lat' dir='ltr'><strong>Qui,</strong></span> <span class='ocrx_word' id='word_1_183' title='bbox 84 2109 121 2146; x_wconf 88' lang='lat' dir='ltr'><strong>ne</strong></span> <span class='ocrx_word' id='word_1_184' title='bbox 133 2093 278 2144; x_wconf 82' lang='lat' dir='ltr'><strong>tuberibus</strong></span> <span class='ocrx_word' id='word_1_185' title='bbox 289 2093 408 2159; x_wconf 87' lang='lat' dir='ltr'><strong>propriis</strong></span> <span class='ocrx_word' id='word_1_186' title='bbox 419 2091 543 2145; x_wconf 82' lang='lat' dir='ltr'><strong>offendat</strong></span> <span class='ocrx_word' id='word_1_187' title='bbox 553 2093 682 2154; x_wconf 81' lang='lat' dir='ltr'><strong>amicum,</strong></span> 
     </span>
     <span class='ocr_line' id='line_1_29' title="bbox 1 2162 727 2230; baseline -0.001 -14"><span class='ocrx_word' id='word_1_188' title='bbox 1 2163 153 2226; x_wconf 80' lang='lat' dir='ltr'><strong>Postulat3</strong></span> <span class='ocrx_word' id='word_1_189' title='bbox 166 2163 292 2230; x_wconf 82' lang='lat' dir='ltr'><strong>ignoscet</strong></span> <span class='ocrx_word' id='word_1_190' title='bbox 301 2163 425 2214; x_wconf 80' lang='lat' dir='ltr'><strong>verrucis</strong></span> <span class='ocrx_word' id='word_1_191' title='bbox 435 2162 519 2214; x_wconf 89' lang='lat' dir='ltr'><strong>illius.</strong></span> <span class='ocrx_word' id='word_1_192' title='bbox 539 2164 663 2230; x_wconf 81' lang='lat' dir='ltr'><strong>Aequum</strong></span> <span class='ocrx_word' id='word_1_193' title='bbox 675 2165 727 2224; x_wconf 79' lang='lat' dir='ltr'><strong>est,</strong></span> 
     </span>
     <span class='ocr_line' id='line_1_30' title="bbox 2 2230 808 2297; baseline -0.006 -13"><span class='ocrx_word' id='word_1_194' title='bbox 2 2233 135 2286; x_wconf 85' lang='lat' dir='ltr'><strong>Peccatis</strong></span> <span class='ocrx_word' id='word_1_195' title='bbox 147 2233 255 2282; x_wconf 82' lang='lat' dir='ltr'><strong>veniam</strong></span> <span class='ocrx_word' id='word_1_196' title='bbox 266 2237 423 2297; x_wconf 86' lang='lat' dir='ltr'><strong>poscentem</strong></span> <span class='ocrx_word' id='word_1_197' title='bbox 433 2230 552 2284; x_wconf 84' lang='lat' dir='ltr'><strong>reddere</strong></span> <span class='ocrx_word' id='word_1_198' title='bbox 562 2245 668 2281; x_wconf 88' lang='lat' dir='ltr'><strong>rursus.</strong></span> <span class='ocrx_word' id='word_1_199' title='bbox 777 2232 808 2297; x_wconf 74' lang='lat'><strong>75</strong></span> 
     </span>
     <span class='ocr_line' id='line_1_31' title="bbox 2 2300 713 2370; baseline -0.007 -16"><span class='ocrx_word' id='word_1_200' title='bbox 2 2302 153 2370; x_wconf 79' lang='lat' dir='ltr'><strong>Denique,</strong></span> <span class='ocrx_word' id='word_1_201' title='bbox 164 2307 301 2368; x_wconf 73' lang='lat' dir='ltr'><strong>quotenus</strong></span> <span class='ocrx_word' id='word_1_202' title='bbox 312 2301 400 2352; x_wconf 86' lang='lat' dir='ltr'><strong>excidi</strong></span> <span class='ocrx_word' id='word_1_203' title='bbox 414 2303 522 2366; x_wconf 89' lang='lat' dir='ltr'><strong>penitus</strong></span> <span class='ocrx_word' id='word_1_204' title='bbox 532 2300 631 2352; x_wconf 89' lang='lat' dir='ltr'><strong>vitium</strong></span> <span class='ocrx_word' id='word_1_205' title='bbox 640 2301 713 2362; x_wconf 84' lang='lat' dir='ltr'><strong>irae;</strong></span> 
     </span>
     <span class='ocr_line' id='line_1_32' title="bbox 5 2369 738 2438; baseline -0.004 -17"><span class='ocrx_word' id='word_1_206' title='bbox 5 2373 110 2424; x_wconf 75' lang='lat' dir='ltr'><strong>Cetera</strong></span> <span class='ocrx_word' id='word_1_207' title='bbox 118 2371 188 2422; x_wconf 86' lang='lat' dir='ltr'><strong>item</strong></span> <span class='ocrx_word' id='word_1_208' title='bbox 200 2376 341 2438; x_wconf 82' lang='lat' dir='ltr'><strong>nequeunt</strong></span> <span class='ocrx_word' id='word_1_209' title='bbox 350 2370 443 2420; x_wconf 90' lang='lat' dir='ltr'><strong>stultis</strong></span> <span class='ocrx_word' id='word_1_210' title='bbox 452 2369 609 2422; x_wconf 82' lang='lat' dir='ltr'><strong>haerentia:</strong></span> <span class='ocrx_word' id='word_1_211' title='bbox 624 2384 673 2420; x_wconf 89' lang='lat' dir='ltr'><strong>eur·</strong></span> <span class='ocrx_word' id='word_1_212' title='bbox 684 2383 738 2419; x_wconf 90' lang='lat' dir='ltr'><strong>non</strong></span> 
     </span>
     <span class='ocr_line' id='line_1_33' title="bbox 4 2437 765 2508; baseline -0.008 -15"><span class='ocrx_word' id='word_1_213' title='bbox 4 2441 197 2502; x_wconf 81' lang='lat' dir='ltr'><strong>Ponderibus,</strong></span> <span class='ocrx_word' id='word_1_214' title='bbox 208 2438 382 2508; x_wconf 87' lang='lat' dir='ltr'><strong>modulisque</strong></span> <span class='ocrx_word' id='word_1_215' title='bbox 392 2440 453 2490; x_wconf 86' lang='lat' dir='ltr'><strong>suis</strong></span> <span class='ocrx_word' id='word_1_216' title='bbox 461 2441 533 2490; x_wconf 86' lang='lat' dir='ltr'><strong>ratio</strong></span> <span class='ocrx_word' id='word_1_217' title='bbox 545 2437 649 2490; x_wconf 77' lang='lat' dir='ltr'><strong>uiuunt</strong></span> <span class='ocrx_word' id='word_1_218' title='bbox 668 2452 700 2488; x_wconf 81' lang='lat' dir='ltr'><strong>ac</strong></span> <span class='ocrx_word' id='word_1_219' title='bbox 710 2451 765 2498; x_wconf 88' lang='lat' dir='ltr'><strong>res,</strong></span> 
     </span>
     <span class='ocr_line' id='line_1_34' title="bbox 4 2504 703 2579; baseline -0.01 -18"><span class='ocrx_word' id='word_1_220' title='bbox 4 2512 38 2561; x_wconf 88' lang='lat' dir='ltr'><strong>Ut</strong></span> <span class='ocrx_word' id='word_1_221' title='bbox 49 2525 184 2579; x_wconf 77' lang='lat' dir='ltr'><strong>quaeque</strong></span> <span class='ocrx_word' id='word_1_222' title='bbox 195 2515 250 2572; x_wconf 87' lang='lat' dir='ltr'><strong>est,</strong></span> <span class='ocrx_word' id='word_1_223' title='bbox 261 2511 303 2560; x_wconf 79' lang='lat' dir='ltr'><strong>itu</strong></span> <span class='ocrx_word' id='word_1_224' title='bbox 313 2509 454 2575; x_wconf 78' lang='lat' dir='ltr'><strong>suppliciis</strong></span> <span class='ocrx_word' id='word_1_225' title='bbox 464 2508 568 2560; x_wconf 79' lang='lat' dir='ltr'><strong>delicto</strong></span> <span class='ocrx_word' id='word_1_226' title='bbox 578 2504 703 2561; x_wconf 85' lang='lat' dir='ltr'><strong>coercetl</strong></span> 
     </span>
    </p>

    <p class='ocr_par' dir='ltr' id='par_1_11' title="bbox 2 2575 808 2716">
     <span class='ocr_line' id='line_1_35' title="bbox 4 2575 808 2647; baseline -0.002 -17"><span class='ocrx_word' id='word_1_227' title='bbox 4 2579 30 2630; x_wconf 83' lang='lat' dir='ltr'><strong>Si</strong></span> <span class='ocrx_word' id='word_1_228' title='bbox 43 2581 110 2647; x_wconf 86' lang='lat' dir='ltr'><strong>quis</strong></span> <span class='ocrx_word' id='word_1_229' title='bbox 121 2593 185 2632; x_wconf 91' lang='lat' dir='ltr'><strong>eum</strong></span> <span class='ocrx_word' id='word_1_230' title='bbox 197 2593 320 2640; x_wconf 87' lang='lat' dir='ltr'><strong>servum,</strong></span> <span class='ocrx_word' id='word_1_231' title='bbox 331 2581 451 2645; x_wconf 79' lang='lat' dir='ltr'><strong>patinam</strong></span> <span class='ocrx_word' id='word_1_232' title='bbox 462 2580 510 2646; x_wconf 86' lang='lat' dir='ltr'><strong>qui</strong></span> <span class='ocrx_word' id='word_1_233' title='bbox 519 2577 620 2630; x_wconf 87' lang='lat' dir='ltr'><strong>tollere</strong></span> <span class='ocrx_word' id='word_1_234' title='bbox 631 2578 731 2636; x_wconf 84' lang='lat' dir='ltr'><strong>iussus,</strong></span> <span class='ocrx_word' id='word_1_235' title='bbox 776 2575 808 2628; x_wconf 87' lang='lat'><strong>80</strong></span> 
     </span>
     <span class='ocr_line' id='line_1_36' title="bbox 2 2646 684 2716; baseline -0.007 -17"><span class='ocrx_word' id='word_1_236' title='bbox 2 2647 140 2702; x_wconf 80' lang='lat' dir='ltr'><strong>Senresos</strong></span> <span class='ocrx_word' id='word_1_237' title='bbox 150 2649 252 2714; x_wconf 83' lang='lat' dir='ltr'><strong>pisces,</strong></span> <span class='ocrx_word' id='word_1_238' title='bbox 261 2647 456 2716; x_wconf 86' lang='lat' dir='ltr'><strong>trepidumque</strong></span> <span class='ocrx_word' id='word_1_239' title='bbox 467 2646 622 2712; x_wconf 76' lang='lat' dir='ltr'><strong>ligurrierit</strong></span> <span class='ocrx_word' id='word_1_240' title='bbox 632 2646 684 2706; x_wconf 88' lang='lat' dir='ltr'><strong>ius,</strong></span> 
     </span>
    </p>

    <p class='ocr_par' dir='ltr' id='par_1_12' title="bbox 2 2716 634 2785">
     <span class='ocr_line' id='line_1_37' title="bbox 2 2716 634 2785; baseline -0.008 -16"><span class='ocrx_word' id='word_1_241' title='bbox 2 2719 33 2770; x_wconf 85' lang='lat' dir='ltr'><strong>lu</strong></span> <span class='ocrx_word' id='word_1_242' title='bbox 43 2733 134 2772; x_wconf 82' lang='lat' dir='ltr'><strong>eruce</strong></span> <span class='ocrx_word' id='word_1_243' title='bbox 144 2716 270 2785; x_wconf 78' lang='lat' dir='ltr'><strong>suffigat3</strong></span> <span class='ocrx_word' id='word_1_244' title='bbox 284 2717 415 2770; x_wconf 84' lang='lat' dir='ltr'><strong>Labeone</strong></span> <span class='ocrx_word' id='word_1_245' title='bbox 427 2717 550 2766; x_wconf 81' lang='lat' dir='ltr'><strong>insanior</strong></span> <span class='ocrx_word' id='word_1_246' title='bbox 561 2716 634 2764; x_wconf 85' lang='lat' dir='ltr'><strong>inter</strong></span> 
     </span>
    </p>
   </div>
   <div class='ocr_carea' id='block_1_3' title="bbox 0 0 1034 3100">
    <p class='ocr_par' dir='ltr' id='par_1_13' title="bbox 0 0 1034 3100">
     <span class='ocr_line' id='line_1_38' title="bbox 0 0 1034 3100; baseline 0 1"><span class='ocrx_word' id='word_1_247' title='bbox 0 0 1034 3100; x_wconf 95' lang='lat' dir='ltr'><strong> </strong></span> 
     </span>
    </p>
   </div>
  </div>
 </body>
</html>
