2060 3100
220 169 268 222 ue
467 129 728 225 caamruuu

252 270 393 324 Lucratus
403 267 499 331 rediit,
509 268 615 321 clarius
625 268 752 320 indicant

175 361 208 396 20
252 340 379 402 Laudes,
390 355 472 406 quam
485 338 621 390 Calabrae
633 337 769 390 Pierides.
789 337 902 408 Neque,

253 409 282 461 Si
294 407 409 461 chartae
419 408 533 472 sileant,
544 407 618 474 quod
629 409 699 460 bene
710 406 820 470 feceris,

252 479 413 531 Mercedem
424 477 531 529 tuleris.
553 477 628 538 Quid
639 476 800 541 foretlliae,

253 549 445 615 Mavortisque
455 562 538 614 puer,
548 549 571 598 si
583 548 759 598 taciturnitas

254 619 387 670 obstaret
398 618 504 668 meritis
517 617 609 668 invida
621 614 748 667 Romuli?

176 686 209 741 25
253 686 389 754 Ereptum
400 683 505 754 Stygiis
517 685 647 738 fluctibus
657 687 778 737 Aeacum

242 755 404 819 'Virtus,et
413 754 506 819 fesor,
518 762 547 808 et
557 756 654 823 lingua
663 755 818 822 potentium
855 785 860 792 ·
906 793 909 798 .
941 788 947 797 -

253 825 357 877 Vatum
369 825 500 876 divitibus
512 825 657 878 consecrat
666 825 772 875 insulis.

254 895 377 963 Dignum
387 892 472 946 laude
483 897 572 946 virum
584 895 668 945 Mosa
675 899 751 946 vetat
762 896 846 960 mori;

256 965 340 1016 Caelo
351 966 435 1015 Musa
445 965 518 1016 beat.
539 961 585 1015 Sic
595 965 667 1015 lovis
677 966 796 1016 interest

177 1035 211 1087 50
256 1034 365 1101 Optatis
375 1034 466 1100 epulis
477 1035 594 1100 impiger
605 1033 756 1085 Hercules:

256 1103 368 1155 Clarum
380 1103 562 1170 Tyndaridae
573 1103 650 1154 sidus
661 1104 694 1154 ab
705 1103 809 1154 intimis
828 1167 832 1171 .

256 1173 380 1234 Quassas
391 1175 514 1240 eripiunt
525 1173 693 1240 aequoribus
704 1177 793 1224 rates:
842 1164 846 1184 ¹
869 1191 871 1198 ·

255 1243 377 1293 Ornatus
387 1243 469 1294 viridi
479 1247 606 1308 tempora
614 1244 743 1308 pampino

255 1310 429 1375 Liber‚vota
438 1312 528 1364 bonos
538 1312 617 1363 ducit
627 1311 663 1364 ad
673 1312 772 1364 exitus.

231 1431 980 1502 acoeoeacaeoooeaecoooeoeocooooo

413 1521 741 1618 oosrx.

363 1669 444 1718 AD
489 1669 834 1721 LOLLIUM·

223 1828 289 1890 Sua,
301 1836 329 1878 et
341 1826 458 1880 aliorum
464 1837 611 1898 poetarum
621 1831 728 1899 scripta
737 1843 885 1898 numquam
895 1827 989 1878 inter-

222 1896 313 1955 itura,·
334 1905 362 1946 et
376 1914 421 1948 res
436 1913 454 1947 a
470 1889 561 1948 Lollio
576 1906 676 1963 gestas
690 1898 834 1954 memoriae
850 1897 989 1947 mandare

524 1966 679 2034 pollicetur.

510 2097 612 2137 HETR·
632 2097 700 2136 ΧΠ.

257 2221 259 2228 .
275 2147 332 2234 Ne
343 2181 415 2234 sorte
427 2183 526 2236 credas
536 2186 699 2247 interitura,
710 2199 782 2252 quae

275 2250 373 2319 Longe
383 2258 529 2305 sonantem
541 2259 624 2306 iratus
638 2255 673 2306 ad
684 2255 822 2317 Aufidum,

311 2320 373 2373 Non
385 2326 449 2374 aute
460 2323 587 2392 vulgatas
598 2340 648 2391 per
659 2330 734 2376 artes

346 2389 439 2447 Verba
449 2392 550 2462 loquor
559 2395 692 2446 socianda
702 2392 822 2446 chordis.

199 2497 214 2545 5
276 2491 353 2554 Non,
364 2495 386 2542 si
396 2495 504 2558 priores
514 2496 662 2548 Maeonius
673 2501 751 2548 tenet

261 2576 267 2586 ·
278 2559 364 2612 Sedes
373 2563 529 2625 Homerus,
541 2563 706 2616 Pindaricae
717 2565 816 2628 lateat,

315 2629 457 2697 Ceaeque,
468 2637 497 2682 et
505 2631 601 2683 Alcaei
612 2635 744 2697 minaces,

348 2696 555 2766 Stesichorique
565 2715 663 2767 graves
674 2703 826 2765 Camenam
