2062 3102
224 161 275 242 so
477 179 738 236 ossuruoru

295 287 436 340 Oblivioso
447 285 521 339 levia
530 286 653 337 Massico

296 359 410 409 ciborio
420 356 513 422 exple:
529 355 615 408 funde
626 353 774 421 capacibus
814 373 817 384 =

329 427 477 496 Unguenta
488 425 522 477 do
534 423 653 476 conchis.
675 424 744 484 Quis
755 422 812 476 udo

365 495 560 562 Depropersre
571 495 633 560 apio
646 507 773 556 coronas,
825 515 829 520 ·
851 509 854 517 ¹

185 605 216 654 25
264 634 267 640 ‚
296 599 415 650 Curatio
426 595 538 663 myrto?
553 596 642 658 Quem
652 595 747 648 Venus
757 595 894 648 arbitrum

295 668 379 720 Dicet
389 665 518 717 bibendii
533 665 595 717 Non
606 680 657 732 ego
669 666 763 715 sanius

329 735 493 788 Bacchabor
503 735 621 786 Edonis:
636 743 750 800 recepto

139 827 144 855 i
365 805 455 857 Dulce
467 803 533 856 mihi
545 803 640 856 furere
652 812 695 854 est
706 803 804 855 amico.

239 949 990 984 W

363 1112 366 1124 ,
450 1053 590 1127 ODE
634 1053 771 1128 VIII.

373 1179 451 1228 so
502 1177 840 1228 sarritur.

225 1341 288 1390 Non
299 1347 348 1400 est,
360 1353 408 1388 cur
418 1336 445 1387 ei
456 1337 561 1388 iuranti
571 1338 707 1398 credatur,
719 1354 801 1406 quum
812 1337 993 1406 experiuriis

453 1404 596 1473 pulchrior
607 1406 756 1454 exoriatur.

502 1537 601 1574 lllE'l'll.
621 1537 705 1574 xvir.

299 1591 407 1676 Ulissi
418 1624 486 1674 iuris
498 1623 548 1675 tibi
559 1625 677 1691 peierati

295 1693 399 1755 Poeno,
411 1692 522 1755 Barine,
532 1696 673 1745 nocuisset
683 1707 828 1761 umquam

279 1791 282 1796 ·
295 1763 387 1815 Dente
399 1764 422 1812 si
434 1763 513 1829 nigro
524 1765 616 1827 lieres,
625 1763 670 1816 vel
680 1778 736 1813 uno

365 1833 486 1899 'l‘urplor
497 1833 596 1900 ungui3
619 1875 623 1884 ,

295 1919 456 1972 Crederem:
471 1919 520 1972 sed
531 1924 561 1968 tu
572 1917 656 1968 simul
666 1917 796 1986 obligasti

293 1987 435 2040 Perfidurn
446 1991 518 2039 votis
530 1993 620 2054 caput,
632 1990 761 2040 enitescis

294 2057 441 2109 Pulchrior
451 2057 547 2120 multo,
559 2059 743 2125 iuvenumque
754 2055 848 2124 prodis

364 2125 481 2177 Publica
492 2142 568 2178 cura.

295 2211 422 2276 Expedit,
433 2214 530 2262 matris
542 2215 649 2264 cineres
660 2218 771 2280 opertos

294 2279 415 2343 Fallere,
426 2285 455 2332 et
465 2286 523 2332 toto
535 2285 676 2333 taciturna
687 2284 776 2332 noctis
803 2319 806 2325 .

295 2347 380 2417 Signo
391 2365 453 2402 cum
466 2350 559 2413 Caelo,
569 2352 716 2420 gelidaque
727 2351 812 2404 Divos

364 2418 458 2471 Morte
470 2425 605 2472 carentes.
634 2435 640 2452 ‘

293 2503 377 2555 Ridet
386 2503 446 2568 hoc,
456 2505 578 2573 inquom,
588 2503 682 2559 Venus
692 2509 764 2573 ipsa3
780 2508 875 2560 rident

295 2572 439 2640 Simplices
449 2573 602 2641 Nymphae,
614 2576 690 2628 ierus
701 2582 730 2627 et
741 2577 856 2643 Cupido,

186 2646 216 2698 15
295 2641 410 2710 Semper
420 2644 550 2696 ardentes
559 2659 661 2697 acuens
671 2648 789 2714 sagittas

365 2713 433 2765 Coto
444 2719 568 2766 cruenta„
