2080 3102
234 121 288 179 su
441 83 792 178 srrsrocsnusr

234 227 323 295 Saepe
333 227 418 280 etium
428 223 561 278 audacem
572 221 999 294 fugstbonterretquepue'tem',

234 297 316 360 Quod
326 311 442 348 numero
452 294 561 360 plures,
575 295 692 358 rirtute,
707 301 738 346 et
746 293 851 347 honore
859 296 1000 362 ninom,

233 367 356 430 Inducti,
366 364 570 432 stolidique,ct
580 364 739 433 depugnare
749 365 850 432 parati,

177 434 224 492 185
234 436 263 489 Si
274 435 415 491 discordet
424 449 522 503 eques,
532 433 625 486 medin
634 436 707 489 inter
716 436 841 486 carmine
850 439 974 501 poscunt

232 509 288 560 Aut
297 521 403 569 ursum,
413 509 463 557 cut
471 504 593 572 pugiles:
604 502 716 556 hisnem
723 503 997 572 plebecuiuplaudit.

232 576 338 630 Verum
359 575 461 644 equitis
480 589 591 644 quoque
607 575 663 626 ism
682 574 866 694 lrnigra'vit‘ub
886 589 956 629 sm
988 571 994 578 '

317 652 318 656 ’
646 659 710 696 vou
730 651 774 695 tes

231 716 331 768 Omnis
341 713 377 766 ed
386 715 508 766 incertos
518 713 629 777 oculos,
640 719 669 766 et
677 659 780 782 gefldiu
790 728 869 766 rene.

235 787 384 848 Quattuor,
393 788 443 835 eut
451 783 545 850 plures
556 783 658 836 uuieec
667 789 832 850 promuntur
842 785 870 834 in
880 780 978 844 bores,

178 855 309 922 190Dum
330 853 443 924 fugiunt
460 855 585 923 equitum
604 859 730 975 turtrnse,
748 853 929 922 peditumque
946 869 997 906 ce-

661 938 758 976 errae:

234 995 303 1048 Mox
313 992 437 1048 trabitur
444 994 572 1046 menibus
581 1009 680 1062 regum
692 993 806 1046 fortune
815 993 944 1057 retortis3

235 1065 341 1118 Esscda
351 1064 498 1128 festinent,
508 1063 626 1131 pilenta,
637 1065 787 1132 petorrita,
797 1077 894 1115 nuresr

237 1136 382 1203 Captivum
392 1134 613 1202 porteturebur,
623 1135 733 1201 captiva
743 1131 902 1185 corinthus.

237 1203 266 1256 Si
277 1204 353 1258 iuret
361 1206 390 1270 in
400 1205 497 1268 terris,
508 1204 614 1262 rideret
623 1203 814 1268 Democritum
827 1217 879 1256 seu

162 1291 164 1302 ¹
179 1265 227 1335 ¹95
238 1274 385 1326 Diversum
396 1273 513 1326 confusa
523 1289 610 1342 genus
621 1272 758 1341 panthere
767 1273 883 1338 cemele,

237 1343 300 1396 Sive
311 1342 425 1410 elephas
435 1342 515 1394 albus
526 1343 602 1412 vulgi
612 1348 787 1397 converteret
796 1357 858 1394 oros
879 1339 882 1345 ‘
995 1339 998 1346 '

238 1413 387 1480 Specteret
395 1411 531 1479 pupulum
538 1412 614 1464 ludis
626 1415 760 1466 amentius
770 1414 848 1480 ipsis,

237 1483 274 1534 Ut
283 1483 335 1535 sibi
347 1484 524 1548 praebentem
536 1483 621 1534 niirno
632 1483 792 1550 spectaculo
802 1483 894 1550 plure.

239 1551 396 1618 Scriptores
407 1555 500 1602 eutem
509 1565 627 1604 narrare
636 1557 751 1618 putaret
759 1551 847 1604 usello

180 1625 231 1663 200
240 1621 384 1674 Fabeiism
392 1620 493 1672 surdos
509 1634 573 1671 nom
583 1627 655 1688 quoe
665 1623 826 1687 pervincere
837 1633 920 1672 voees

238 1691 376 1745 Evaluere
385 1705 498 1754 sonum,
507 1690 636 1743 referunt
645 1705 727 1759 quem
738 1694 834 1742 nostru
843 1689 974 1742 theatra!

239 1762 400 1831 Gorgonum
407 1763 602 1830 mugireputes
609 1775 715 1825 nemus,
722 1761 998 1825 uutmere'l'uscums

239 1833 332 1884 'fanto
343 1847 406 1886 oum
416 1833 535 1900 strepitu
546 1830 605 1883 ludi
615 1836 789 1898 spectantur,
799 1836 830 1884 et
837 1835 924 1894 ortes,

238 1901 414 1971 Divitiaeque
424 1903 604 1970 peregrinum
619 1902 718 1969 quibus
728 1901 832 1954 oblitus
843 1905 924 1952 ector

179 1961 228 2012 ²05
238 1973 330 2034 Quum
341 1970 421 2033 stetit
430 1974 459 2023 in
468 1987 582 2036 scaena,
591 1973 733 2025 concurrit
741 1972 858 2024 dextere
867 1971 973 2023 mune.

237 2040 319 2092 Dixit
329 2041 420 2093 adhuc
430 2040 552 2110 sliquidi
562 2041 608 2094 Nil
614 2057 690 2094 sene.
705 2042 778 2104 Quid
788 2040 882 2108 placet
891 2038 978 2108 ergo!

236 2109 316 2160 Lanu
327 2111 480 2162 Terentino
490 2111 579 2164 violes
589 2113 699 2163 imitatu
708 2127 822 2166 veneno.

237 2180 275 2231 Ac
286 2176 405 2231 neforto
416 2175 511 2247 putes,
524 2195 582 2244 me,
595 2197 667 2251 quse
683 2182 796 2236 foccrei
815 2194 995 2244 nereensem,

238 2249 329 2310 Quum
340 2253 417 2301 recto
426 2254 550 2302 tractent
559 2251 621 2315 elii,
631 2251 748 2305 laudere
759 2257 804 2305 uin
816 2253 892 2320 ignes

179 2318 289 2372 mollio
300 2333 350 2386 per
361 2323 504 2372 extentum
517 2319 612 2373 funem
622 2320 689 2373 mibi
700 2337 782 2390 posse
792 2322 904 2373 ridetur

238 2390 283 2440 lre
294 2393 391 2456 poete,
401 2403 493 2442 meum
504 2391 551 2458 qui
562 2395 660 2461 pectus
670 2393 793 2445 innuiter
803 2392 891 2460 angit,

238 2458 349 2522 irritet,
358 2459 476 2522 mulcet,
485 2459 563 2511 falsis
573 2464 729 2514 terroribus
739 2462 847 2530 impiet,
859 2503 861 2508 .

238 2527 274 2577 Ut
285 2543 391 2596 mogus,
400 2534 430 2581 et
438 2527 521 2582 modo
531 2545 575 2582 me
581 2529 693 2595 Thebis,
701 2532 783 2583 niodo
789 2528 996 2599 pouitAthenis.

237 2593 340 2648 Verum
356 2610 422 2667 age,
437 2597 531 2661 ethis,
540 2601 588 2666 qui
598 2595 631 2652 se'
639 2596 738 2653 lectori
749 2601 865 2654 credere
880 2593 998 2654 malunt.

179 2659 227 2710 215
236 2663 327 2725 Quom
337 2670 503 2734 spectatoris
514 2668 628 2722 fastidia
638 2670 713 2723 ferre
722 2671 845 2738 superbi,
