2080 3102
282 147 433 203 Lissa
459 151 498 204 ll.
527 152 553 205 8.
747 156 798 210 221

11 254 227 308 Nomentanus
239 249 276 302 ad
285 249 351 315 hoc,
361 253 423 322 qui,
433 253 457 306 si
468 255 535 324 qnid
546 253 620 308 forte
630 255 742 328 lateret,
806 257 840 310 25

3 327 115 377 indice
127 327 313 375 monstraret
322 323 423 391 digito:
438 338 501 375 nam
513 331 607 376 cetera
616 327 709 390 turbs,

3 393 86 457 ilios,
99 397 246 462 inquam,
257 406 387 443 cenamus
399 409 477 456 aves,
489 393 649 462 conchylia,
660 398 757 464 pisces,

14 465 121 532 Longe
137 459 308 514 dissimilem
320 466 387 514 noto
399 463 520 514 celantia
530 479 656 516 succum:

14 536 49 585 [t
59 533 113 585 rel
126 532 270 584 continuo
282 533 385 597 patuit,
397 546 479 600 quum
491 536 625 599 passeris,
636 539 719 603 atque

15 606 180 671 ingustata
191 597 262 650 mihi
271 606 437 667 porrexerat
446 597 495 652 ilia
505 600 622 654 rhombi.
807 604 840 656 so

2 709 3 712 ,
17 673 85 724 Post
97 672 161 724 hoo
173 685 222 721 me
234 669 341 735 docuit,
351 671 492 722 melimela
502 673 618 736 rubere,
627 675 762 728 minorem

18 743 54 793 id
66 743 198 794 Lunam
210 738 331 791 delecta:
346 739 475 808 quidhoc
485 742 608 804 intersit,
619 743 653 794 ab
663 745 722 811 ipso

19 812 162 864 ¹ludierio
174 807 287 860 melius.
308 811 380 861 Tum
391 809 518 862 Vibidius
528 810 687 863 Balatroni:

19 882 91 944 Nos,
105 881 167 930 nisi
182 877 317 931 damnose
328 879 461 944 bibimus,
472 881 625 932 moriemur
633 883 730 947 inulti3

18 953 54 1002 Et
65 949 184 1002 calices
196 949 286 1014 poscit
297 951 428 1001 maioresr
442 953 551 1002 vertere
562 950 654 1015 pallor
806 947 840 1003 35

19 1023 95 1071 'l'um
110 1015 239 1086 parochi
251 1016 364 1083 faeiem3
379 1018 471 1072 nilsio
481 1021 643 1083 metuentis,
653 1025 685 1070 ut
696 1035 774 1074 aeres

20 1090 165 1141 Potores:
183 1084 243 1150 vei,
253 1087 327 1154 quod
336 1087 507 1140 maledicunt
517 1089 645 1152 liberius3
659 1091 711 1152 rel,
815 1119 816 1122 =

20 1157 152 1211 Fervida
163 1155 244 1224 quod
254 1155 355 1210 subtile
366 1158 519 1210 exsurdant
527 1159 590 1208 rina
601 1159 734 1226 palatum.

19 1229 182 1281 invertunt
192 1223 321 1277 Allifanis
331 1229 439 1278 vinaria
448 1233 510 1278 tota
604 1249 610 1256 ’

20 1298 177 1358 l'ibidius,
189 1293 374 1364 Balatroque,
385 1299 511 1364 sequutis
522 1297 661 1350 omnibus:
677 1300 724 1350 imi
804 1291 839 1346 de

18 1369 173 1419 Convivae
187 1363 253 1416 lecti
263 1363 380 1416 nihilum
390 1379 513 1418 nocuere
523 1366 640 1434 lagenis.

16 1438 154 1490 Affertur
166 1433 285 1500 squillas
295 1437 369 1486 inter
377 1449 494 1487 murena
503 1442 632 1487 natantes

1 1553 2 1560 ,
16 1509 44 1560 ln
61 1508 175 1576 patina
187 1509 325 1570 porrecta.
346 1503 403 1555 Sub
414 1501 466 1557 hoe
478 1503 575 1570 herus,
591 1504 660 1558 haec
670 1505 796 1576 gravida,

450 1575 478 1624 in
501 1575 551 1637 uit,
774 1579 797 1602 ⁸·

16 1650 111 1716 Capta
124 1648 190 1706 est3
204 1641 327 1696 deterior
336 1647 400 1714 post
409 1591 520 1710 partilm
532 1659 615 1697 carne
626 1645 730 1696 fumi-a.

16 1720 68 1768 iiis
81 1716 215 1768 mixtum
226 1714 269 1764 ius
280 1719 335 1764 est:
351 1713 429 1776 oleo,
438 1714 512 1783 qnod
522 1715 613 1780 prima
623 1713 739 1766 Venafri
801 1713 833 1769 45

16 1786 134 1839 Pressit
144 1780 234 1846 cella3
246 1797 316 1850 garo
327 1781 361 1834 de
372 1785 462 1836 suecis
470 1785 554 1850 piscis
565 1784 676 1846 Hiberi;

16 1856 89 1908 Vino
103 1853 299 1922 quinquenni,
310 1865 405 1904 rerum
416 1855 487 1904 citra
497 1868 574 1906 mare
584 1857 658 1913 noto,
757 1855 764 1862 “

15 1925 93 1977 Dum
108 1922 262 1990 coquitur3
277 1919 477 1983 (oootochiun
489 1921 681 1982 sioeonrenit,
692 1923 790 1972 utnon

15 1995 80 2047 Hoc
91 1991 195 2060 magis
208 1989 293 2041 ullum
301 1989 387 2053 aliud)
398 1992 493 2076 qipere
499 1991 571 2053 albo,
577 1991 792 2054 nonsineacew,

15 2063 105 2126 Quod
118 2056 206 2113 Meti
254 2074 352 2112 naeam
362 2062 430 2112 sitio
441 2063 590 2112 mutaverit
598 2075 688 2110 uvam.
800 2062 833 2114 bo

13 2135 135 2185 Erucas
146 2129 201 2179 viri
224 2143 266 2192 es,
276 2129 368 2180 inulas
378 2145 393 2181 e
413 2144 429 2181 o
439 2131 544 2196 primus
554 2144 664 2180 amaras

15 2199 190 2254 Monstravi
200 2200 362 2267 incoquere3
377 2145 473 2252 illotos
484 2199 618 2250 Curtillus
630 2197 752 2264 echinos,

15 2273 51 2324 Ut
61 2269 193 2331 melius,
205 2271 311 2330 muria,
320 2283 403 2336 quam
414 2275 487 2322 testa
497 2271 604 2322 marina
615 2270 741 2320 remittit.
807 2321 810 2328 ζ

15 2342 140 2394 interea
151 2353 290 2406 suspensa
298 2352 396 2408 graves
406 2337 505 2391 aulaea
514 2340 608 2390 ruinas

1 2403 3 2528 q
16 2413 44 2463 ln
55 2411 198 2480 patinam
210 2407 314 2472 fecere,
324 2405 466 2460 trahentia
476 2407 596 2474 pulveris
608 2409 671 2469 atri,
801 2405 833 2458 55

17 2483 175 2545 Quantum
186 2491 241 2528 non
251 2477 352 2546 Aquilo
363 2479 509 2548 Campanis
520 2479 625 2530 excitat
634 2478 717 2546 agris.

1 2533 2 2582 l
17 2552 77 2604 Nos
93 2549 196 2602 malus
204 2548 302 2610 veriti,
311 2551 459 2618 postquam
470 2545 539 2597 nihil
550 2561 611 2597 esse
620 2545 718 2666 qen-ioli

1 2641 2 2650 ¹
19 2620 192 2681 Sensimus,
203 2617 350 2684 erigimurr
365 2615 467 2678 lluiirs,
477 2618 567 2684 posito
579 2629 628 2682 cap
640 2621 681 2675 te,
693 2617 725 2664 ut
734 2612 757 2662 sl

20 2691 118 2743 Filius
127 2689 300 2740 immaturus
312 2687 429 2748 obisset,
440 2685 516 2737 llere.
530 2685 604 2746 Quis
615 2687 689 2734 esset
