2060 3100
229 176 233 184 ¹
284 157 433 211 LIBER
455 159 475 213 1.
501 159 524 212 1.
731 157 781 214 ld!

12 265 60 328 Qui
70 264 114 316 nil
126 262 264 332 portarit.
284 259 338 314 Vel
349 262 406 326 dic,
418 263 484 332 quid
494 263 600 316 referat
608 264 683 316 intra

11 335 136 386 Naturae
149 336 225 385 fines
235 333 353 394 virenti,
362 335 460 400 iugera
471 338 595 396 centum,
605 349 640 385 on
788 333 822 390 50

10 407 90 456 Mille
103 401 190 456 oreti
208 403 338 454 ntsunve
350 407 437 454 estex
447 417 548 470 magno
559 404 660 456 toliere
670 416 778 455 acervo.

11 475 84 524 Dum
97 488 135 526 ex
141 479 232 540 parvo
242 472 322 522 nohis
332 471 504 524 tantumdem
511 471 623 524 haurire
629 473 699 524 rolin
720 487 779 536 uas,

12 546 65 595 Cur
74 549 130 594 tua
140 543 208 610 plus
219 541 319 592 laudes
330 542 449 593 cumeris
460 545 593 609 granaria
603 489 724 593 nostrisqi

11 615 56 674 Ut,
66 615 123 664 tibi
135 615 162 663 si
175 613 212 662 sit
225 625 294 678 opus
304 611 403 678 liquidi
414 626 469 662 non
479 611 598 678 amplius
608 627 687 674 urna,

13 683 60 736 Vel
71 681 198 750 cyath03
215 685 244 732 et
254 681 346 731 ditas:
360 695 460 749 magno
471 678 505 732 de
516 681 629 742 flumine
640 682 744 742 malim,
789 679 822 734 55

15 753 107 814 Quam
118 771 158 809 ex
170 749 226 802 hoe
236 749 371 801 fonticulo
377 750 550 803 tantumdem
558 767 676 803 sumere.
692 751 780 814 uotis,

15 823 131 874 Plenior
144 824 178 870 ut
187 823 211 870 ei
223 834 291 887 quos
302 819 514 887 deiocteutopm
523 822 606 883 iusto,

15 894 81 943 Cum
93 893 161 958 ripa
173 891 256 940 simul
268 889 378 941 avulsos
388 889 463 954 ierat
472 890 586 940 Aufidus
597 905 670 941 acer.

15 964 46 1012 ,tt
57 963 109 1030 qui
119 959 231 1010 tantuli
241 963 313 1026 eget,
324 963 427 1027 quanto
439 963 482 1011 est
492 973 573 1026 opus:
584 961 608 1010 ia
615 975 703 1028 nequo
714 958 780 1010 limo

15 1033 177 1083 Turbatam
193 1027 290 1080 haurit
304 1043 418 1098 aquam,
433 1044 523 1096 neque
537 1031 622 1084 vitam
638 1031 741 1080 anrittit
752 1030 780 1078 in
790 1031 823 1081 io

437 1099 528 1149 undis.

16 1172 136 1223 Athona
148 1182 217 1236 pars
226 1165 384 1232 hominum,
393 1167 510 1234 decepta
521 1168 649 1236 cupidine
662 1168 742 1226 saiso.

16 1241 139 1294 it'ilsatis
147 1238 309 1306 est‚inquit:
321 1235 782 1306 quiritanti,quantumhubeas,sis.

16 1310 90 1373 Quid
101 1309 194 1361 facias
209 1306 270 1358 iiiii
283 1309 380 1360 iubeas
390 1309 523 1360 miserum
534 1325 608 1372 esse,
618 1308 738 1360 libenter

17 1383 169 1442 Quatenus
180 1377 210 1428 id
221 1375 301 1428 iacit:
320 1383 352 1428 ut
362 1377 475 1446 quidam
487 1384 658 1430 memoratur
668 1377 782 1429 Athenis

17 1449 172 1509 Sordidus,
184 1461 217 1499 ae
227 1447 316 1510 dives,
326 1448 421 1516 popuii
432 1453 611 1501 contemnere
620 1463 701 1499 noces
791 1449 823 1502 65

16 1519 60 1572 Sie
71 1519 191 1570 solima:
207 1517 325 1584 populus
336 1531 380 1570 me
392 1517 500 1582 sibilum
515 1525 545 1569 at
554 1518 621 1570 mihi
634 1517 736 1586 plaudo

15 1591 75 1656 lpse
88 1587 185 1650 dorni,
194 1587 274 1638 simui
287 1603 320 1638 ao
329 1602 456 1640 nummos
468 1589 639 1656 contemplor
650 1590 678 1638 in
689 1600 762 1639 urea.

16 1658 162 1710 Tantalus
173 1657 285 1708 alubris
295 1659 392 1710 sitiens
404 1658 540 1726 fugientia
549 1663 642 1727 captat

15 1731 164 1781 Flumina.
184 1727 259 1790 Quid
269 1727 359 1780 rideri
374 1733 481 1779 mutato
491 1730 615 1791 nomine,
627 1722 699 1780 de'te

16 1797 130 1850 Fabula
141 1802 284 1848 narratur.
306 1798 451 1866 (iungentia
462 1798 583 1865 undique
594 1800 681 1848 suecis
793 1812 824 1862 70

14 1868 161 1920 indormis
171 1865 295 1935 inhionef,
310 1873 339 1919 et
350 1873 490 1936 tamquam
504 1883 617 1934 parcere
627 1866 712 1916 saeris

16 1939 153 2006 Cogeris,
164 1942 214 1986 aut
222 1937 304 2004 pictis
313 1943 455 2006 tamquam
466 1937 589 2004 gaudere
600 1935 718 1986 tabellis.

14 2007 290 2074 Nescis,quovaleat
299 2005 447 2058 nummosi
459 2003 782 2074 quempraeboatusumi

15 2079 105 2130 Panis
116 2081 242 2139 ematur,
253 2077 328 2141 olus,
338 2079 394 2127 vini
405 2078 556 2128 sextarius:
572 2074 650 2139 udde,

16 2151 89 2211 Quis
100 2147 228 2198 humana
237 2148 289 2198 sibi
301 2146 395 2200 doleat
404 2151 505 2197 natura
515 2147 631 2214 negatis.
791 2145 823 2214 75

15 2220 57 2269 An
68 2217 193 2284 vigilare
203 2221 279 2268 metu
290 2219 458 2278 exanimem
470 2222 633 2283 noctesque,
645 2215 758 2284 diesque

16 2286 191 2339 Formidare
201 2286 303 2349 malos,
314 2287 404 2349 iurem
415 2285 555 2348 incendia,
566 2299 667 2350 sentos,

18 2357 59 2410 Ne
72 2362 104 2408 te
116 2356 270 2422 conpilent
280 2356 431 2426 fugientes,
440 2354 493 2407 hoo
504 2353 597 2405 iuvati
611 2357 719 2408 Horum

16 2427 140 2492 Semper
152 2440 204 2493 ego
216 2428 333 2492 optarim
345 2428 536 2494 pauperrimus
548 2441 608 2478 esse
620 2428 761 2477 bonorum.

17 2499 52 2548 ,tt
63 2497 91 2546 si
102 2495 250 2547 condoluit
259 2500 398 2548 tentatum
408 2495 512 2562 frigore
524 2511 632 2562 corpus,
790 2495 823 2548 80

19 2568 76 2617 Aut
88 2565 165 2615 alius
176 2580 256 2616 onsus
266 2566 339 2618 lecto
350 2572 378 2618 te
398 2567 498 2633 aiiiqiu
514 2565 597 2616 habes
609 2566 654 2631 qui

20 2634 174 2698 Adsideat,
185 2633 310 2686 fomenta
320 2641 411 2703 paret,
423 2635 559 2686 medicum
571 2639 661 2699 roget,
674 2636 704 2680 ot
714 2636 741 2680 te

20 2705 164 2764 Suscita,
174 2717 207 2755 ue
218 2707 290 2755 natis
301 2701 413 2756 reddat.
423 2705 549 2768 carisque
560 2695 736 2765 propinquis*
