2060 3100
249 128 304 182 {54
419 124 590 180 GARMEN
608 124 837 179 §nemmem

284 233 288 242 '
304 230 412 299 Quique
421 244 469 281 vos
479 228 566 282 bobus
574 233 724 281 veneratur
734 224 813 290 albis,
868 291 870 294 Ι

211 295 242 347 5ο
296 301 401 351 'Clarus
411 297 559 362 Anchisae,
568 297 739 365 Venerisque
749 297 872 364 sanguis,
887 337 890 342 .

272 418 276 425 .
303 370 423 436 lmperet
431 367 552 420 bellante
561 369 650 434 prior·;
664 367 799 418 iacentem

372 437 458 490 Lenis
467 439 496 487 in
506 435 622 489 hostem.

303 542 362 592 lem
371 540 455 601 mari,
464 547 595 607 terreque
605 553 703 590 manus
713 541 840 604 potentes

302 608 415 671 Medus,
425 608 599 676 Albanasque
609 609 689 660 timet
699 622 823 660 secures:

302 681 359 730 lam
371 676 490 744 Scythae
501 692 634 744 response
642 681 756 748 petunt,
766 676 878 743 superbi

371 745 478 813 Nuper,
489 747 596 798 etlndi.
629 809 631 817 y

302 851 360 902 lem
370 847 467 911 Fides,
478 854 507 902 ct
517 848 588 913 Pax,
599 854 628 902 et
636 849 746 911 Honos,
755 845 905 918 Pudorque

304 919 429 982 Priscus,
440 924 468 970 et
478 917 605 986 neglecta
615 919 708 971 redire
718 918 814 972 Virtus

303 988 408 1052 Audet3
422 993 590 1056 apparetque
601 988 683 1040 beata
693 988 775 1056 pleno

375 1058 460 1126 Copia
469 1072 563 1109 cornu.

304 1163 411 1228 Augur,
423 1164 452 1213 et
462 1159 587 1229 fulgente
598 1157 715 1226 decorus
725 1175 801 1224 orcu,

304 1229 444 1292 Phoebus,
456 1234 639 1299 acceptusque
650 1245 746 1282 novem
758 1231 898 1297 Camenis3

305 1299 359 1362 Qui
370 1298 486 1349 soluturi
496 1299 572 1351 levat
581 1305 642 1352 arte
651 1298 739 1353 sessos

374 1368 503 1433 Corporis
514 1373 606 1434 ertue3

304 1469 333 1522 Si
345 1470 487 1522 Palatinus
497 1470 573 1524 videt
582 1486 686 1540 aequus
698 1487 770 1538 eres,

303 1539 426 1608 nemque
436 1539 602 1606 Romanam,
613 1541 792 1611 Latiumque3
807 1541 876 1596 felix

303 1609 428 1662 Alterum
439 1611 468 1660 in
478 1610 612 1674 lustrum,
622 1611 776 1681 meliusque
787 1625 896 1679 semper

373 1679 511 1748 Prorogat
519 1695 628 1732 eevumr

304 1784 437 1851 Quaeque
446 1784 611 1835 Aventinum
621 1769 710 1846 tenet,
720 1782 912 1854 Algidumque,

212 1865 226 1879 ·
304 1853 482 1917 Quindecim,
493 1852 597 1916 Diana,
609 1868 704 1918 preces
715 1855 837 1906 virorum

304 1923 403 1987 curem
419 1926 448 1974 et
456 1925 527 1974 votis
538 1935 688 1990 puerorum
698 1924 801 1974 emicas

371 1991 600 2059 Appliceteures:

303 2091 382 2146 Haec
391 2093 483 2144 lovem
493 2095 611 2157 sentire,
624 2089 754 2163 Deosque
765 2097 887 2157 cunctos,

304 2159 387 2226 Spem
397 2161 510 2224 bonam,
521 2159 681 2230 certumque
693 2164 803 2216 domum
815 2166 940 2230 reporto,

303 2229 424 2292 Doctus,
435 2234 464 2281 ct
474 2229 590 2294 Phoebi,
601 2230 716 2298 chorus,
727 2240 756 2287 et
765 2233 881 2297 Dianae,

372 2297 473 2352 Dicere
483 2298 590 2354 leudes.
