2060 3100
250 166 301 223 15⁰
517 163 749 220 Eronos

281 271 433 340 Postquam
443 269 548 324 relictis
558 269 701 322 moenibus
712 283 763 322 rex
771 270 900 338 procidit,

282 341 360 394 Heul
374 343 526 410 pervicacis
537 339 572 391 sd
582 340 666 406 pedes
676 338 802 394 Achillei.
847 359 850 364 ·

207 414 237 466 15
281 409 721 475 Setosaourisexuerepellibus'

280 479 429 533 Laboriosi
438 482 558 546 remiges
568 479 687 546 Ulyssei‚

280 549 400 603 Volente
411 550 503 612 Circa,
514 549 648 600 membra:
662 553 731 601 tunc
740 563 830 614 mens,
840 556 870 602 et
879 567 967 605 sonus

282 619 432 688 Relapsus,
443 623 527 686 atque
538 621 620 668 notus
628 619 657 668 iu
665 617 759 669 vultus
770 616 868 671 honor.

282 689 356 741 Dedi
367 691 448 751 sutis,
459 702 597 754 superque
607 701 759 753 posumus
768 689 829 751 tibi,

204 780 238 814 uo
281 759 380 810 Amata
391 759 483 808 nautis
493 756 664 820 multum‚et
672 757 857 810 institoribus.

281 827 367 895 Fugit
375 829 515 889 iuventas,
527 831 556 878 et
564 825 737 878 verecundus
747 826 825 878 color

281 895 406 966 Reliquit
417 911 480 949 ossa
489 895 563 961 pelle
574 897 676 947 amiota
685 894 792 962 lurida3

283 967 353 1018 'l'uis
365 965 483 1033 capillus
495 965 574 1016 albus
585 969 628 1016 est
638 965 780 1017 odoribus.

283 1035 398 1087 Nullum
411 1037 445 1087 ab
454 1034 551 1086 labore
560 1049 604 1085 me
613 1034 732 1086 reclinat
740 1036 840 1087 otium:

204 1107 238 1160 25
283 1105 371 1172 Urget
381 1106 454 1156 diem
464 1118 533 1166 nox,
544 1109 573 1154 et
583 1104 642 1155 (lies
652 1108 775 1169 noetem3
791 1121 881 1174 neque
893 1113 938 1160 est

282 1173 391 1227 Lovare
402 1179 480 1226 tenta
490 1175 590 1240 spiritu
600 1173 772 1241 praecordia.

285 1245 360 1312 Ergo
372 1247 502 1312 negatum
512 1245 609 1295 vincor
618 1247 650 1292 ut
658 1242 771 1295 arellam
780 1245 873 1309 miser,

286 1311 398 1364 Sabella
409 1317 504 1380 peetus
513 1314 658 1378 increpare
668 1313 799 1378 earmina,

286 1383 429 1449 Caputque
439 1381 535 1432 Marsa
544 1381 664 1434 dissilire
676 1381 766 1433 nenio.
821 1413 823 1416 -

204 1455 238 1506 30
285 1451 358 1513 Quid
369 1450 554 1516 ampliastisl
569 1449 691 1503 Omurel
708 1451 824 1504 otorral
840 1453 937 1520 ardeo,

283 1521 425 1582 Quantum
436 1535 525 1589 neque
536 1526 597 1572 atro
609 1519 748 1574 delibutos
758 1521 895 1576 Hercules

281 1590 363 1642 Nessi
374 1605 487 1654 cruore;
502 1605 553 1642 nee
563 1589 663 1642 Sicana
674 1589 781 1646 fervida

283 1659 391 1712 Furens
401 1661 430 1710 in
439 1661 529 1713 Aetna
539 1658 658 1711 flamma.
678 1661 735 1723 Tu,
746 1660 834 1714 donee
844 1663 914 1714 einis

280 1729 427 1782 iniuriosis
440 1727 535 1780 aridus
545 1731 635 1780 ventis
645 1729 730 1793 feror,

203 1798 237 1853 55
283 1799 363 1852 Gales
373 1801 487 1852 venenis
498 1797 609 1850 officina
619 1795 769 1851 Colchicis.¹

280 1870 359 1931 Quae
370 1868 450 1920 linisl
464 1873 513 1919 aut
522 1867 597 1934 quod
607 1883 651 1920 ms
661 1873 756 1920 manet
764 1868 955 1935 stipendiumi

281 1937 386 1990 Effare:
401 1940 491 1990 iussas
502 1953 563 1989 cum
575 1937 630 1990 lide
641 1938 844 2004 poenusluan13

281 2006 400 2058 Paratus
410 2009 535 2076 expiare,
546 2021 595 2058 seu
605 2009 764 2075 poposceris

283 2076 400 2128 centum
411 2079 552 2140 iuvencos,
562 2078 619 2128 sive
629 2077 754 2129 mendaci
765 2077 828 2144 lyra

158 2195 161 2204 .
204 2148 237 2200 io
281 2143 365 2196 Voles
376 2145 647 2212 sonoriztupudiea,
657 2151 689 2197 tu
700 2148 786 2213 proba

280 2211 490 2266 Perambulubis
502 2222 578 2266 astra
587 2215 665 2266 sidus
676 2229 800 2270 aureum.

281 2281 395 2333 Infamis
405 2282 532 2335 Helenae
541 2284 641 2335 castor
651 2281 773 2337 offensus
783 2288 852 2349 viee,

281 2351 436 2419 Fraterque
447 2354 539 2420 magni
550 2353 686 2417 Castoris,
695 2356 760 2407 vieti
772 2370 863 2422 prece,

240 2457 248 2494 ,
280 2421 769 2489 Ademptavatireddiderelumina:

119 2499 125 2510 ’
204 2494 237 2546 lis
281 2489 318 2542 Et
327 2495 372 2554 tu,
383 2496 460 2558 potes
473 2506 550 2554 nam,
560 2492 637 2546 solve
647 2509 691 2546 me
702 2495 848 2547 dementia.

282 2558 306 2609 Ο
318 2565 368 2611 ue'e
378 2561 500 2626 paternis
510 2561 637 2612 obsoleta
647 2564 791 2628 sordibus;

238 2691 241 2700 ³
280 2626 339 2679 Nee
348 2631 376 2678 in
386 2630 521 2695 sepulcris
531 2643 683 2695 pauperum
694 2634 816 2698 prudens
825 2649 895 2685 anus

242 2701 248 2711 “
282 2694 465 2751 Norentlioles
475 2698 609 2765 dissipare
619 2699 760 2767 pulveresl
