2060 3100
275 151 325 207 158
507 154 799 210 SA'TYRARUM

273 256 335 308 Non
345 258 533 312 uxoraalrum
543 265 571 312 te
581 260 653 324 ruit,
664 262 817 315 noniiliuct
832 277 928 317 omnes
1022 291 1023 322 1

231 325 265 378 85
273 325 363 377 Vicini
374 328 506 393 oderunt,
518 331 590 393 noti,
603 332 694 398 pueri,
706 338 790 399 atque
799 332 918 400 puellae.
1022 361 1023 372 2

275 395 403 460 Miraris,
415 413 499 465 quum
510 405 542 450 tu
553 404 670 468 argento
680 407 744 468 post
754 403 846 454 omnia
856 418 952 470 ponas,

274 463 306 517 Si
317 481 397 518 nemo
407 473 544 534 praestet,
555 484 636 538 quem
648 485 703 522 non
715 474 862 536 merearis,
873 477 1023 542 amoremiq

275 536 315 587 An
327 537 367 589 eie
378 544 524 604 cognatos,
535 540 613 592 nullo
625 544 726 592 natura
736 541 832 594 labore
1022 573 1023 608 q

274 605 351 668 Quos
361 607 413 658 tibi
424 607 485 672 dat,
501 611 624 662 retinere
634 611 718 674 velie,
733 625 899 680 servareque
910 614 1023 678 amicost

232 692 264 744 90
272 674 375 727 Infelix
385 691 499 743 operam
509 676 623 744 perdam
637 685 669 731 ut
679 682 703 731 si
714 681 775 748 quic
787 681 904 733 asellum

272 745 304 794 ln
316 759 413 812 campo
424 745 676 815 doceatparentem
687 763 801 802 currere
810 751 906 802 frenis.
1022 799 1023 802 ,

272 812 400 883 Denique
409 817 447 867 cit
456 818 688 885 finisquaertendi:
702 835 841 887 quumque
851 819 1023 894 habeaspluq

271 879 439 950 Pauperiem
449 893 558 938 metuas
568 889 674 952 minus3
689 894 717 940 et
727 890 808 940 finire
818 889 941 941 laborem

271 952 403 1019 Incipias,
413 960 507 1022 parto,
518 957 592 1026 quod
602 958 711 1010 urebas.
731 957 772 1010 Ne
784 957 870 1010 facias
880 961 954 1026 quod

227 1022 261 1092 95
270 1021 439 1088 Ummidium
453 1028 581 1093 quitum,
592 1043 648 1078 non
659 1027 742 1095 longa
753 1033 796 1080 eat
805 1027 912 1092 fabula,
923 1029 1011 1094 dives,

269 1091 307 1142 Ut
316 1095 465 1146 metiretur
475 1110 617 1160 nummum
632 1098 672 1148 ita
682 1097 825 1160 sordidus,
834 1102 866 1146 ut
875 1112 905 1150 se

267 1159 331 1212 Non
341 1178 472 1230 umquam
484 1181 563 1218 cerro
574 1166 673 1218 melius
683 1168 813 1230 vestiret3
826 1167 960 1235 adusque

268 1227 434 1296 Supremum
446 1239 567 1301 tempus,
578 1251 614 1288 ne
624 1251 654 1288 sa
665 1238 783 1302 penuria
792 1238 882 1288 victus

268 1299 457 1366 opprimeret,
468 1305 619 1357 metuebat.
638 1307 675 1357 At
684 1303 756 1358 hunc
766 1305 869 1359 liberta
876 1308 969 1360 securi

212 1385 257 1420 roo
267 1367 371 1422 Divisit
381 1372 515 1436 medium,
526 1373 681 1426 fortissima
690 1374 925 1442 Tyndaridarum.

266 1437 340 1499 Quid
350 1445 389 1490 mi
399 1441 485 1507 igitur
496 1443 615 1495 suadeat
629 1450 661 1498 ut
671 1446 759 1496 vivam
769 1444 906 1498 Naevius?
915 1452 965 1498 aut
975 1450 1023 1514 siq

265 1507 302 1556 Ut
311 1506 519 1562 Nomentanus!
533 1512 632 1580 Pergis
642 1517 796 1584 pugnantia
805 1531 898 1568 aecum

265 1575 415 1629 Frontibus
425 1579 549 1633 adversis
560 1598 734 1650 componore.
755 1585 817 1637 Non
826 1600 891 1653 ago,
905 1601 1023 1640 ararum

264 1645 355 1707 Quum
366 1653 429 1699 veto
440 1655 469 1702 te
479 1652 554 1716 iieri;
569 1667 687 1720 vappam
696 1655 792 1718 iubeo,
802 1669 835 1707 ac
844 1655 1023 1708 nebulonem.

210 1716 254 1766 105
263 1715 314 1764 Est
323 1717 397 1768 inter
408 1719 518 1771 Tanain
529 1722 674 1790 quiddam,
685 1739 868 1792 socerumque
877 1724 987 1778 Viselit.

262 1783 313 1837 Est
322 1787 420 1838 modus
431 1789 461 1838 in
471 1790 568 1856 rebus3
578 1797 644 1843 aunt
653 1796 722 1845 certi
734 1794 852 1863 denique
862 1796 942 1858 fines,

262 1853 338 1916 Quos
348 1857 437 1920 ultra,
448 1861 573 1929 citraque
583 1863 681 1929 nequit
695 1866 847 1917 consistere
857 1871 976 1916 rectum.

261 1923 429 1988 llinc,unde
441 1929 511 1992 abii,
521 1930 615 1982 redeo.
636 1930 751 1985 Nemon‘
761 1940 794 1985 ut
804 1949 904 1986 avarus

263 1989 298 2044 Se
308 1995 419 2059 probet,
431 2011 463 2049 ac
471 2001 563 2064 potins
574 1998 670 2054 laudet
679 2003 788 2056 diversa
798 2003 966 2072 sequentes?

206 2077 252 2111 rro
262 2062 397 2130 Quodque
409 2066 502 2120 aliena
512 2070 621 2136 capella
630 2077 712 2139 gerat
721 2073 869 2128 distentius
880 2073 963 2135 uber,

241 2163 244 2167 -
261 2130 418 2183 Tabescati
432 2151 521 2204 neque
531 2154 562 2191 se
572 2141 671 2192 maiori
682 2145 877 2210 pauperiorum

261 2198 374 2252 Turbae
387 2206 546 2270 compareti
563 2207 651 2275 hunc,
667 2219 750 2280 atque
766 2213 991 2318 hqnceuperare

676 2281 800 2335 laboret.

260 2334 306 2389 Sic
316 2337 460 2394 festinanti
471 2360 579 2412 temper
588 2348 757 2418 locupletior
766 2353 867 2404 obstat.
935 2395 938 2401 .

259 2407 308 2470 Ut,
319 2423 403 2475 quum
414 2417 573 2467 carceribus
583 2421 682 2472 missos
693 2423 766 2488 rapit
776 2423 882 2490 ungula
893 2438 1012 2486 currus,

207 2481 250 2532 115
259 2477 348 2528 instat
359 2482 437 2547 equis
448 2485 546 2552 auriga
555 2502 621 2540 ouon
631 2491 818 2542 vincentibus:
832 2491 915 2544 illum

258 2545 446 2601 Praeteritum
456 2557 582 2606 temnens
593 2562 731 2610 extremos
742 2563 815 2613 inter
826 2567 955 2615 euntem.

258 2615 325 2667 inde
337 2618 382 2682 tit,
392 2625 425 2669 ut
434 2635 513 2684 raro,
523 2625 570 2690 qui
581 2639 611 2676 ee
620 2627 723 2680 rixiaae
734 2625 847 2682 beatum

258 2681 356 2748 Dicat;
371 2693 401 2740 et
410 2696 508 2741 exacto
519 2697 666 2746 contentus
678 2701 815 2765 tempore,
826 2701 885 2752 vita
