2062 3102
294 131 444 186 [ABER
471 131 527 182 111.
758 123 790 176 71

61 241 173 295 Vestris
183 239 305 292 amioum
317 235 449 296 sontibus,
459 236 488 284 et
498 229 600 294 choris,
802 225 835 277 25

61 313 126 365 Non
137 325 182 362 me
192 307 331 374 Philippis
341 318 422 356 versa
432 302 506 354 acies
516 305 604 364 retro,

6 383 8 412 ²
100 381 210 432 Devota
223 371 516 433 nonexstinxitarbos,

135 446 195 501 Neo
205 445 304 499 Sicula
312 442 462 496 Palinuros
472 438 557 490 undu.

6 551 7 560 ¹
66 559 224 623 Utrumque
233 565 344 605 meeum
353 564 402 602 ros
412 549 501 610 eritis,
510 545 600 600 libent

66 627 257 681 insanientem
267 619 528 686 naritaBosporum

102 694 242 756 Tentabo,
252 697 283 744 et
292 694 405 742 urentes
416 700 516 740 menas

137 763 258 815 littoris
268 759 376 828 Assyrii
386 759 485 809 viator.

69 873 167 926 Visam
175 872 326 924 Britannos
335 864 490 935 hospitibus
499 862 584 926 feros,

70 945 106 997 Et
115 945 221 995 laetum
231 941 334 1008 equino
345 937 481 1006 sanguine
492 933 666 986 Concanum

104 1013 200 1065 Visam
212 1009 391 1078 pharetratos
401 1005 534 1066 Gelonos,

144 1081 182 1133 Et
191 1078 352 1148 Scythicum
362 1075 512 1128 inviolatus
524 1085 642 1124 amnem.

6 1231 7 1244 r
71 1190 128 1243 Vos
140 1189 297 1250 Caesarem,
308 1184 396 1238 altum
407 1183 518 1245 militia,
529 1177 614 1232 simul

71 1261 174 1313 Fessus
183 1256 311 1310 cohortes
322 1253 447 1306 reddidit
457 1250 577 1319 oppidis,

6 1351 7 1380 ;
105 1329 203 1382 Finire
214 1329 394 1393 quaerentem
405 1322 527 1386 labores,

142 1397 238 1449 Pierio
247 1394 383 1446 recreatis
394 1396 485 1444 antro.

72 1505 128 1558 Vos
138 1504 202 1558 lene
212 1500 396 1556 consiliumet
406 1498 489 1564 datis,
499 1501 529 1550 et
538 1495 604 1550 dato

73 1575 219 1636 Gaudetis,
230 1572 330 1624 almae.
351 1567 458 1622 Scimus
470 1571 502 1619 ut
510 1568 610 1635 impios
713 1569 716 1576 ’

108 1646 236 1706 Titanas,
246 1645 449 1707 immanemque
458 1643 581 1690 turmam

144 1711 273 1764 Fulmine
283 1709 430 1762 sustulerit
439 1707 555 1770 caduco,

6 1823 8 1848 '
75 1824 128 1886 Qui
140 1826 245 1874 terram
256 1818 383 1881 inertem,
393 1816 442 1885 qui
451 1831 528 1868 mare
537 1817 677 1881 temperat

74 1893 237 1954 ventosum,
247 1893 276 1941 et
285 1889 377 1951 urbes,
386 1900 528 1954 regnaque
537 1885 639 1948 tristia,

6 1949 8 1990 ἶ
109 1963 263 2028 Divosque,
272 1957 463 2024 mortalesque
472 1955 570 2006 turbas

6 2039 7 2042 ’
145 2030 267 2098 Imperio
277 2029 431 2097 regitanus
441 2039 540 2094 aequo.

75 2139 211 2207 Magnum
220 2135 272 2188 illa
279 2139 417 2188 terrorem
426 2132 562 2186 intulerat
570 2131 629 2184 lori

77 2209 180 2262 Fidens
189 2209 328 2268 iuventus,
337 2202 453 2256 horrida
462 2200 598 2266 brachiis3

111 2269 438 2342 Fratresquetendentes
449 2286 536 2338 opaco

148 2346 246 2399 Pelion
255 2344 421 2410 imposuisse
430 2343 558 2410 Olympo.

79 2453 134 2507 Sed
145 2451 212 2521 quid
222 2450 383 2518 Typhoeus,
394 2457 423 2502 et
430 2449 539 2502 validus
550 2447 660 2512 Mimas,

6 2549 9 2592 p
15 2527 17 2532 ’
82 2526 134 2578 hut
144 2522 211 2590 quid
222 2523 324 2573 minaei
334 2519 510 2586 Porphyrion
521 2523 606 2580 statu,

7 2595 8 2598 ’
116 2592 188 2655 Quid
198 2591 331 2653 Rhoetus,
342 2589 500 2655 evulsisque
509 2589 617 2640 truncis

151 2660 309 2715 Enceladus
318 2657 457 2712 iaculator
468 2656 571 2719 audax,
671 2675 674 2691 ι
