2060 3100
286 178 439 234 LIBER
466 181 517 236 ivr
733 183 780 242 lll

14 289 15 336 l
55 283 176 338 Dextrae
187 286 331 348 obermet,
343 299 480 354 quaerere
490 286 601 352 distrrli;

14 391 16 430 ί
55 355 109 408 Nec
120 358 193 408 scire
206 355 250 406 las
257 359 306 406 est
316 356 440 418 onmia);
456 356 506 408 sed
517 357 574 420 diu,

88 425 218 494 Lateque
227 425 358 476 victrices
369 430 499 478 catervae
601 459 613 484 .

123 494 257 547 Consiliis
267 494 373 545 iuvenis
381 495 504 548 revictae

57 601 187 665 Sensere,
199 600 269 669 quid
279 615 357 652 meos
368 603 436 664 rite,
446 603 513 670 quid
522 603 640 662 indoles.

56 671 166 724 Nutrita
177 670 279 721 faustis
291 671 343 722 sub
351 672 551 737 penetralibus,

13 791 14 804 ,
86 742 199 792 Posset:
215 739 283 808 quid
293 740 410 807 Augusti
421 747 555 808 paternus

13 811 14 826 ³
122 811 270 876 lnpueros
280 810 389 864 animus
397 809 533 863 Nerones.

56 918 152 970 Fortes
163 921 298 970 creantur
306 916 440 969 lortibosr
456 919 573 970 ethonis

60 989 107 1039 list
117 991 147 1038 iu
157 989 296 1049 iuvencis,
308 989 390 1038 estin
400 989 478 1054 equis
488 994 598 1054 patr-um

86 1057 199 1120 Virtus,
215 1071 266 1108 nec
276 1056 417 1108 imbellem
429 1055 537 1108 feroces

12 1082 15 1178 l
122 1125 621 1194 Progeuerautaquilaecolumbarur

12 1203 13 1210 ἵ
58 1235 194 1287 Doctrina
204 1233 255 1285 sed
265 1233 318 1284 rim
331 1239 477 1300 promovet
487 1235 610 1302 insitam,
628 1296 633 1308 ι

12 1333 13 1362 2
56 1305 188 1372 Rectiquc
199 1303 292 1355 cultus
302 1308 418 1369 pectora
427 1305 576 1358 roborant:

12 1367 13 1388 ¹
87 1375 244 1442 Utcumque
254 1371 384 1424 defecere
396 1387 498 1436 mores,

11 1477 13 1498 r
123 1440 568 1511 ludecor'autbeuenataculpae.

58 1550 127 1613 Quid
139 1550 255 1612 debeas,
266 1564 284 1600 o
293 1549 395 1612 Roma,
405 1549 573 1616 Neronibus,

58 1623 148 1675 Testis
160 1619 323 1670 Metaurum
334 1619 438 1671 llumeu
445 1656 453 1683 ,
465 1625 494 1671 et
503 1621 665 1678 Hasdrubal

89 1691 237 1751 Devictus,
247 1694 276 1740 et
285 1686 401 1755 pulcher
411 1689 515 1757 fugatis

123 1759 176 1810 llle
185 1758 247 1810 dies
254 1758 338 1809 Latio
348 1759 481 1824 tenebris,

59 1867 109 1928 Qui
122 1867 227 1933 primus
238 1864 312 1918 elma
321 1868 387 1918 risit
397 1866 514 1919 adorea:

57 1936 141 1988 Dii-us
152 1951 201 2003 per
212 1936 295 1988 urbes
305 1935 372 1987 Afer
383 1941 415 1986 ut
425 1937 520 2004 ltales,

73 2024 75 2036 ·
91 2008 148 2058 Ceu
160 2004 272 2056 llsmma
282 2021 331 2072 per
342 2006 453 2068 taedas,
463 2007 507 2057 vel
518 2007 611 2060 Eurus

11 2071 15 2090 '
123 2074 180 2126 Per
190 2073 299 2126 Siculas
311 2077 447 2143 equitavit
455 2076 554 2127 undas.

59 2180 124 2234 Post
133 2180 185 2233 lroo
196 2181 326 2234 secundis
337 2197 425 2250 usque
434 2183 578 2237 laboribus

58 2251 180 2303 Romana
190 2251 276 2317 pubes
288 2253 388 2315 crerit;
403 2259 432 2304 et
441 2254 526 2318 impio

89 2320 206 2372 Vastuta
215 2319 374 2372 Poenorum
385 2321 509 2372 tumultu

11 2425 12 2460 ,
125 2389 203 2440 Faue
212 2389 289 2441 Deos
298 2388 421 2442 habuere
431 2397 536 2442 rectos:

59 2495 188 2566 Dixitque
198 2496 313 2550 tandem
324 2498 448 2564 perfidus
457 2500 612 2554 Hannibal:
646 2547 655 2560 ,

60 2567 149 2629 Cervi,
159 2566 289 2633 luporum
300 2568 405 2634 pracda
415 2571 566 2634 rapacium,

11 2677 12 2682 ¹
91 2633 235 2688 Sectamur
247 2635 336 2698 ultro,
348 2650 417 2704 quos
428 2639 536 2702 opimus

11 2713 12 2772 J
90 2703 102 2713 ”
123 2705 248 2765 Fallere,
260 2709 289 2756 et
300 2704 437 2771 effugere,
448 2709 491 2755 est
500 2703 666 2768 triumphus.
