2062 3102
236 124 270 176 ⁷8
489 119 750 182 carminum
839 112 842 116 ’

193 222 226 274 25
270 225 402 288 Quamvis
412 239 468 276 non
479 223 551 276 alius
562 223 677 278 flectere
687 241 789 294 equum
800 227 893 280 sciens

268 297 363 364 Aeque
374 297 544 361 conspicitur
554 296 681 361 gramine
692 296 811 361 Μαντίας

303 365 362 418 Nec
372 367 519 431 quisquam
530 365 602 414 citus
614 377 703 432 aeque

338 435 431 486 Tusco
443 433 559 485 denatat
569 432 657 485 alveo.

269 537 364 589 Prima
373 541 456 590 nocte
466 536 579 588 domum
590 535 702 601 claude3
718 552 808 604 neque
817 538 847 589 in
857 540 917 592 rias

191 609 225 662 50
243 609 245 614 ’
269 606 325 660 Sub
337 611 421 658 contu
433 605 567 674 querulae
578 605 688 676 despice
699 605 798 670 tibiae;
1019 611 1020 614 ’

303 678 340 728 Et
350 680 378 727 te
389 690 472 742 saepo
481 676 593 726 vocanti
641 711 646 728 ι

339 745 457 808 Duram,
469 743 589 796 difficilis
599 759 689 798 mane.

238 843 989 891 mlta-”mmmmm

272 1075 330 1124 ao
357 1074 387 1124 c.
415 1055 957 1128 mensuruursrroauarnrn
1019 1061 1020 1128 ἶ

530 1171 700 1185 ⁸¹-—

234 1233 282 1290 Ad
295 1219 471 1285 Matronales
492 1229 627 1308 hilariter·
640 1227 820 1294 celebrando,
839 1209 917 1283 vitoe
937 1252 999 1284 ser·
1019 1259 1020 1284 r

398 1307 484 1350 votae
494 1314 603 1359 memor,
616 1315 706 1367 sporum
717 1299 829 1350 invitat.

510 1427 612 1470 nuru.
630 1431 717 1472 xvir.

250 1517 254 1522 “
303 1485 434 1570 Martiis
444 1515 554 1570 coelebs
565 1517 633 1584 quid
643 1533 723 1586 agana
735 1519 875 1582 Calendis,

304 1588 378 1651 Quid
388 1588 475 1641 velint
485 1586 583 1649 flores,
594 1593 622 1639 et
632 1603 730 1640 acerra
741 1587 832 1639 thuris

303 1656 405 1721 Plena,
416 1659 541 1718 miraris,
552 1657 715 1727 positusque
725 1659 808 1711 corbo
819 1661 848 1710 in

374 1727 483 1795 Cespite
493 1727 564 1788 vivo,

303 1830 393 1884 Docte
403 1845 546 1884 sermones
556 1831 704 1899 utriusque
712 1832 834 1901 linguae.

303 1899 439 1954 voveram
451 1900 547 1954 dulces
560 1901 670 1968 epulas,
680 1908 709 1954 et
719 1903 813 1954 ulbuni

303 1969 405 2024 Libero
417 1986 544 2039 caprum,
556 1986 644 2039 prope
653 1971 799 2026 funeratus

371 2042 563 2098 Arborisiceo.

304 2141 358 2194 llic
368 2142 439 2204 dies,
450 2158 523 2194 anno
534 2144 684 2208 redeunte,
695 2143 784 2198 festus

304 2212 442 2262 Corticem
454 2211 620 2264 adstrictum
631 2217 692 2280 pice
703 2213 860 2266 demovebit

304 2279 472 2347 Amphorae,
483 2280 592 2333 fumum
602 2273 697 2336 bibere
706 2285 853 2336 institutae

373 2349 495 2404 Consule
505 2350 600 2404 Tullo.

304 2451 401 2516 Sume,
410 2453 573 2518 Maecenas,
583 2453 699 2521 cyathos
710 2459 792 2511 unrici

305 2521 422 2588 sospitis
433 2527 557 2587 centum3
573 2525 710 2591 strigiles
721 2526 851 2578 lucernas

304 2590 404 2643 Perfer
414 2593 442 2642 in
453 2592 558 2644 lucem:
573 2592 673 2657 procul
684 2597 774 2646 omnis
785 2601 845 2648 esto

376 2659 500 2724 Clamor,
512 2665 540 2714 et
549 2662 602 2718 ira.
