2062 3102
252 185 288 236 ⁷0
505 171 763 230 CARMINUM

503 327 774 422 oraru

382 461 458 515 Al)
498 459 893 522 caruerant

550 563 719 578 Μ

252 628 343 678 Poeta
358 639 389 676 se
401 638 420 673 α
431 609 525 674 inultis
531 602 666 692 periculis
676 621 821 672 Musarum
831 635 883 686 ope
894 631 1022 690 ereptum

381 707 442 744 etse
452 689 528 756 dicit,
539 697 567 740 et
576 697 666 740 tutum
675 686 920 760 Augustumfore.

544 820 644 862 ultra.
662 818 732 858 XVI·

287 875 451 964 Descende
463 907 557 972 Caelo,
566 907 609 960 dic
620 921 672 975 age
681 905 760 968 tilla,

288 981 404 1048 Regina,
415 979 540 1048 longum,
552 976 686 1043 Calliope,
696 973 797 1039 melos;
823 981 826 1000 ¹

324 1049 381 1102 Seu
390 1064 458 1101 voce
469 1064 543 1100 nune
552 1048 640 1098 mavis
652 1049 743 1108 acuta,

358 1117 414 1172 Seu
423 1118 524 1171 tidibus
535 1115 700 1183 citharaque
708 1113 824 1166 Phoebi.

228 1236 245 1289 5
289 1228 419 1282 Audirisi
433 1244 469 1281 an
479 1244 524 1282 me
533 1227 606 1281 ludit
615 1225 744 1278 amabilis

288 1297 417 1352 Insaniai
432 1299 545 1362 Audire,
555 1303 585 1351 et
593 1297 690 1349 videor
700 1297 762 1361 pies

325 1369 429 1420 Errare
441 1367 589 1434 perlutus,
600 1379 736 1418 amoenae

360 1436 437 1502 Quos
446 1440 476 1489 et
484 1451 573 1505 aquae
584 1436 714 1498 subeunt,
725 1437 755 1486 et
763 1447 857 1489 aurae.

289 1545 338 1600 Me
348 1545 494 1600 fabulosae
503 1545 622 1600 Vulture
632 1548 661 1598 in
671 1545 789 1614 Appula,

212 1630 246 1669 ro
288 1617 402 1669 nlnieis
413 1621 493 1669 extra
503 1616 588 1670 limen
598 1617 725 1683 Apuliae,

323 1685 414 1748 Ludo,
424 1685 627 1754 fatigatumque
637 1701 744 1748 somno,

360 1754 473 1808 Fronde
483 1770 554 1808 nova
562 1769 679 1822 puerum
689 1754 834 1822 palumbes

288 1867 411 1920 Tenerer
427 1867 528 1920 mirum
539 1866 614 1935 quod
624 1865 698 1919 soret
708 1866 846 1929 omnibus,

290 1937 465 2004 Quicumque
475 1935 565 1990 celsae
576 1936 672 1988 nidum
680 1935 875 2003 Acherontiaa.

215 1998 245 2050 15
323 2005 474 2074 Saltusque
484 2006 630 2070 Bantinos,
640 2012 670 2070 et
680 2021 777 2058 arvum

358 2074 467 2144 Pingue
477 2081 574 2129 tenent
583 2075 696 2128 humilis
707 2073 837 2141 Forentig
918 2081 923 2088 '

289 2185 326 2237 Ut
335 2189 397 2237 tuto
408 2187 442 2238 ab
452 2187 521 2238 atris
534 2203 651 2256 corpore
659 2188 762 2256 viperis

290 2255 459 2319 Dormirem,
470 2261 500 2308 et
509 2259 595 2324 ursis3
610 2263 642 2309 ut
652 2271 795 2326 premerer
804 2269 887 2308 saera

324 2323 486 2394 Lauroque,
497 2324 655 2395 collataque
667 2332 770 2394 myrto,

211 2413 245 2449 ιο
357 2393 420 2446 Non
429 2396 489 2448 sine
499 2395 551 2448 Dis
562 2398 704 2449 animosus
714 2395 817 2447 infans.

289 2505 398 2570 Vester,
410 2509 557 2571 camenae,
566 2514 661 2562 vester
670 2509 699 2558 in
709 2508 813 2559 aduae

290 2575 390 2627 Tollor
401 2575 531 2629 Sabinos:
547 2592 596 2628 seu
607 2577 674 2629 mihi
686 2576 819 2643 frigidum

325 2643 486 2706 Praeneste,
495 2660 545 2696 seu
556 2645 645 2697 Tibur
656 2647 795 2711 supinum,

360 2710 416 2766 Seu
424 2712 548 2778 liquidae
558 2712 688 2779 placuere
698 2711 792 2766 Baiae.
