2062 3102
221 265 223 268 .
300 220 450 277 orara
476 222 515 278 ru
743 222 783 296 o

12 303 13 333 n
81 331 188 398 insigne
198 329 315 382 maestis
324 329 493 396 praesidium
504 328 571 391 reis,

80 399 114 451 Et
122 399 291 463 consulenti,
301 397 401 461 Pollio,
412 400 520 450 curiae:

12 499 13 510 i
113 469 162 518 Cui
173 469 271 520 laurus
282 476 411 520 aeternos
421 467 542 520 honoros

145 537 306 590 Dalmatico
317 539 425 606 peperit
434 534 585 603 triumpho.

11 651 13 708 ζ
81 640 134 692 lam
145 656 219 691 nunc
231 641 332 692 minaei
343 655 484 692 murmure
496 647 631 690 cornuum

81 708 248 778 Perstringis
260 725 356 762 aures:
371 712 427 761 iam
438 709 501 760 litui
512 711 652 778 strepunt:

95 777 100 786 '
112 780 170 832 lam
181 778 275 848 fulgor
286 795 426 831 armorum
438 778 552 846 fugaces

147 850 252 902 Terret
262 864 357 917 equos,
366 850 547 918 equitumque
557 846 659 900 vultus.

82 951 182 1004 Audire
192 967 307 1021 magnos
317 953 372 1004 iarn
383 952 481 1004 videor
492 952 578 1026 (luceo

81 1021 140 1073 Non
151 1023 284 1074 indecoro
296 1023 411 1090 pulvere
420 1020 558 1082 sordidos,

11 1119 12 1152 f
115 1091 151 1144 Et
161 1097 262 1144 cuncta
272 1098 413 1145 terrarum
424 1092 549 1152 subacta,

148 1160 268 1214 Praeter
278 1168 401 1214 atrocem
413 1163 536 1214 animum
547 1156 669 1212 Catonis.

11 1321 12 1324 ,
83 1262 158 1328 luno,
170 1269 200 1316 et
208 1264 333 1318 Deorum
344 1265 470 1334 quisquis
480 1264 596 1315 amicior

83 1333 163 1398 liris,
173 1333 264 1385 inulta
274 1340 397 1386 cesserat
407 1336 544 1402 impotens

11 1395 12 1410 ¹
116 1403 249 1468 'l'elluree
260 1404 396 1456 victorum
407 1409 529 1472 nepotes

149 1473 270 1525 Rettulit
280 1473 396 1526 inferias
405 1469 566 1542 lugurtlrae.

85 1575 151 1637 Quis
161 1591 217 1629 non
226 1575 329 1629 Latino
340 1573 476 1645 sanguine
486 1574 615 1644 pinguior

85 1645 202 1713 Campus
212 1646 348 1715 sepulcris
359 1647 447 1714 impia
456 1645 566 1712 proelia

10 1763 11 1774 ἶ
117 1715 260 1779 Testem,
271 1716 452 1783 auditumque
463 1714 555 1766 Medis

151 1786 306 1858 Hesperiae
318 1786 440 1838 sonitum
451 1781 566 1836 ruinae!

83 1887 135 1950 Qui
146 1903 258 1958 gurges,
269 1893 319 1942 aut
328 1904 400 1957 quae
409 1887 526 1940 llumina
536 1884 664 1955 lugubris

81 1957 182 2026 ignara
191 1955 277 2011 belli!
293 1959 367 2028 quod
378 1973 455 2010 mare
465 1957 596 2010 Dauniae

115 2027 178 2080 Non
190 2027 386 2080 decoloravere
397 2026 515 2080 oaedesi

151 2098 230 2160 Quae
242 2103 319 2150 caret
328 2113 379 2152 ora
389 2112 489 2150 eruore
500 2092 615 2148 nostroi

10 2193 11 2200 ’
81 2195 137 2251 Sed
149 2215 194 2263 ne,
204 2201 320 2264 relictis,
330 2201 414 2252 Musa
423 2213 536 2268 procax,
546 2197 625 2264 loeis,
653 2241 660 2260 ,

83 2269 156 2322 Ceae
166 2274 304 2322 retractes
315 2284 431 2322 munera
441 2270 553 2321 neniae:

114 2338 228 2392 Mecum
238 2337 366 2392 Dionaeo
377 2338 428 2390 sub
440 2344 522 2390 antro

150 2407 264 2484 Quaere
274 2409 372 2464 modos
384 2408 488 2468 leniore
498 2407 616 2477 plectro.
