2060 3100
247 115 336 194 resq
475 93 765 174 snruaenuru

243 215 394 274 Delassere
403 221 498 275 valent
508 221 633 274 Fabium.
653 215 694 274 Ne
704 227 732 274 te
743 231 850 287 morer,
861 223 942 290 audi,
1019 267 1020 292 ἦ

205 295 235 348 15
245 294 305 354 Quo
316 307 374 344 rem
386 291 530 344 deducam.
544 289 579 358 δί
590 293 651 360 quis
663 290 758 356 Deus,
769 307 804 344 en
815 307 880 360 ego,
893 292 996 358 dieat,
1019 333 1020 348 i

244 363 301 412 lani
313 361 412 412 feciarn
423 359 497 430 quod
506 359 602 412 vultis:
614 363 669 412 eris
679 367 724 424 tu,
735 364 782 430 qui
793 362 875 414 inodo
886 363 995 427 miles,
1019 405 1020 416 ,

243 427 396 482 Mercator:
410 435 454 494 tu,
465 431 607 482 consultus
618 429 714 492 n10d0,
724 433 856 483 rusticus:
866 431 934 483 hine
943 450 1020 498 rose

243 499 300 550 Vos
311 499 374 550 hinc
382 502 497 551 mutatis
509 499 642 551 discedite
651 501 784 564 partibus.
804 500 868 550 Eia!

244 569 316 632 Quid
328 567 425 619 stetis?
440 569 536 620 nolint.
555 569 638 636 Atqui
648 569 716 622 lieet
726 585 786 620 esse
795 569 893 620 beatis.
1019 617 1020 622 ,

201 657 235 692 ao
244 638 317 702 Quid
328 651 442 688 caussae
453 643 508 698 est,
519 639 619 689 merito
630 640 696 704 quin
706 639 761 689 illis
771 639 876 705 iupiter
885 639 994 691 ambas
1019 663 1020 682 r

243 709 334 758 iratus
347 708 448 758 buccas
458 705 550 771 inflet;
564 722 653 774 neque
664 723 694 758 se
705 707 765 759 sore
777 703 891 772 posthae

208 771 211 778 ’
243 778 314 828 Turn
326 775 435 829 facilem
443 776 533 839 dicat,
543 778 615 826 votis
625 781 657 826 ut
666 777 799 842 praebeat
810 773 924 826 aurernt
1019 815 1020 820 ,

243 837 407 897 Praetereer
423 845 536 909 (nesio,
547 851 579 895 ut
589 847 635 912 qui
646 845 794 906 iocularia,
804 845 898 896 ”ridens
1019 897 1020 904 χ

243 914 420 967 Percurrem:
436 929 601 984 quamquem
613 913 750 966 ridentem
762 915 853 966 dicere
865 929 964 965 verum

201 983 235 1036 25
245 985 317 1046 Quid
326 982 418 1036 retati
433 991 465 1034 ut
474 985 567 1050 pueris
577 983 643 1034 olim
655 981 723 1033 dant
732 983 857 1035 crustula
865 983 966 1034 blandi
1019 981 1020 986 ’

244 1055 395 1117 Doctores,
406 1053 545 1107 elementa
552 1052 640 1106 velint
648 1059 680 1102 ut
690 1052 796 1104 discere
806 1055 903 1118 prima.

244 1122 300 1174 Sed
310 1128 402 1175 tamen
414 1130 506 1175 amoto
518 1137 684 1190 quaeramus
695 1122 769 1173 serta
777 1120 868 1184 ludo.)

243 1193 308 1256 lile,
318 1208 429 1260 gravem
442 1193 511 1246 duro
522 1198 628 1246 terram
639 1191 687 1259 qui
697 1191 781 1244 vertit
791 1195 898 1255 aretr03

242 1259 388 1314 Preeiidus
399 1259 444 1314 hie
454 1277 550 1329 eampo
560 1261 653 1326 miles;
664 1265 830 1328 nautaeque,
841 1276 889 1327 per
899 1275 987 1313 ornne

111 1381 114 1386 ,
202 1325 235 1378 ὅο
245 1331 368 1382 Audaces
380 1346 456 1382 mare
467 1334 513 1398 qui
525 1335 653 1396 currunt;
667 1328 720 1388 hae
730 1335 822 1382 mente
832 1330 957 1387 laborent

245 1397 311 1451 Sese
323 1399 410 1462 ferre,
421 1415 501 1452 senes
512 1401 544 1452 ut
555 1403 583 1452 in
595 1401 653 1452 otia
663 1403 725 1452 tuta
735 1400 875 1466 recedant,

244 1468 341 1534 Aiunt,
352 1483 436 1535 quum
446 1469 499 1522 sibi
509 1471 566 1522 sint
576 1474 707 1538 congesta
718 1463 835 1520 cibariae
850 1469 922 1520 sicut

244 1536 372 1600 Parvula,
383 1547 447 1589 narn
458 1541 584 1607 exemplo
595 1544 638 1593 est
648 1539 749 1608 magni,
754 1537 879 1602 formica,
884 1538 1007 1604 laboris,

245 1599 300 1659 Ore
311 1606 398 1660 trahit
407 1609 600 1678 quodcumque
610 1608 1006 1678 potestatqueadditacerro,

202 1673 235 1725 35
245 1677 333 1739 Quern
344 1679 445 1746 struit,v
453 1676 527 1730 haud
538 1681 650 1748 ignare,
665 1694 698 1733 ac
708 1694 763 1730 non
774 1679 885 1730 incaute
897 1677 1004 1731 futuri.

247 1748 333 1811 Quae,
345 1747 429 1798 simul
436 1749 576 1808 inversum
588 1749 876 1815 contristatriquarius
885 1763 1005 1813 annum,

246 1817 308 1868 Non
319 1833 434 1885 usquam
444 1820 578 1886 prorepit}
593 1823 622 1870 et
631 1817 688 1868 iliis
697 1819 786 1868 utitur
796 1820 861 1868 ante

247 1887 385 1950 Quaesitis
395 1890 515 1955 potiones
535 1903 619 1956 quum
631 1893 658 1939 te
669 1899 758 1954 neque
769 1886 892 1938 fervidus
903 1890 1004 1938 aestus

246 1955 1004 2028 Demorentluerognequehienrs,ignis,niore,ferrum;

202 2015 236 2071 40
246 2024 292 2076 Nil
302 2026 393 2078 obstet
402 2027 466 2090 tibi,
477 2028 542 2079 durn
553 2039 588 2080 ne
597 2027 672 2079 sitte
683 2025 767 2078 ditior
777 2025 858 2076 ulter.

246 2093 318 2156 Quid
328 2095 416 2157 iuvet,
431 2098 595 2148 immensum
606 2100 634 2148 te
645 2097 753 2164 argenti
764 2095 886 2161 pondus,
895 2098 925 2146 et
936 2098 1003 2146 auri

245 2161 354 2214 Furtim
364 2163 475 2216 defossa
484 2166 613 2218 timidum
624 2166 762 2234 deponere
772 2162 867 2216 terrai

246 2232 338 2295 Quod,
349 2231 372 2282 si
384 2235 565 2298 comminuas,
575 2235 659 2287 vilem
668 2235 813 2303 redigatur
824 2233 860 2284 ed
870 2247 969 2285 assern

244 2303 291 2366 nt,
311 2303 340 2352 ni
358 2301 388 2355 id
405 2303 451 2366 tit,
471 2305 538 2374 quid
558 2303 643 2357 habet
659 2303 769 2371 pulchri
776 2308 963 2422 ³construetur

656 2385 771 2428 acervus

202 2444 236 2499 45
245 2441 337 2493 Millia
346 2441 479 2494 frumenti
488 2449 538 2494 tus
548 2439 659 2496 triverit
668 2456 735 2496 ersa
745 2447 870 2506 centurn3

244 2511 305 2562 Non
315 2517 381 2561 tuus
392 2508 443 2564 hoc
453 2516 544 2580 cupiet
552 2517 651 2564 venter
660 2511 739 2579 pius,
747 2527 780 2564 ac
791 2526 881 2564 meus:
897 2515 929 2563 ut
939 2515 964 2564 si

243 2579 400 2632 Reticuiunr
410 2584 488 2647 panis
498 2581 608 2634 venales
617 2581 692 2632 inter
701 2587 801 2634 onusto

244 2645 329 2700 Forte
338 2648 422 2701 vehes
432 2649 559 2711 humero;
574 2648 660 2700 nihilo
670 2650 733 2716 plus
744 2648 879 2718 accipias,
888 2663 970 2719 quarn
