2080 3102
277 147 429 216 LIBER
448 151 487 206 ll
511 147 536 205 l.
578 207 581 212 ,
732 151 785 210 md

28 258 130 312 curans
141 253 371 320 reddebrsrsmt·
380 257 404 307 si
419 271 520 308 munus
530 254 659 322 Apolline
669 255 783 325 dignum
808 247 819 260 ’
915 289 917 294 -

25 325 71 380 Vis
81 325 226 394 complere
235 325 327 389 libris,
338 327 485 380 stratibus
495 325 598 376 addere
608 325 714 390 calcar,

26 399 60 448 ut
68 395 167 448 studio
178 395 284 448 maiore
293 399 391 462 petant
400 395 538 450 Helicona
546 395 690 447 virentem.

25 467 118 518 Multa
128 464 243 532 quidem
250 465 334 518 nobis
343 464 461 517 lauimus
470 465 545 516 mala
554 479 637 530 saepe
647 470 756 530 poetae,

26 537 60 587 Ut
69 538 167 586 vineta
177 538 289 602 egomet
297 534 412 588 caedam
422 549 496 588 mea:
510 549 594 602 quum
605 535 656 585 tibi
667 533 767 586 librum
792 550 842 587 ano
954 551 966 608 Ἰ·

27 605 154 658 Sollieito
164 603 275 667 damus,
285 608 335 656 aut
344 602 432 656 fesso:
447 619 531 673 quum
543 603 687 666 laedimur,
696 619 782 654 unum

28 674 54 726 Si
65 677 130 743 quis
141 673 296 725 amicorum
306 677 349 726 est
359 689 444 725 ausus
453 673 621 740 reprendere
632 677 754 724 versum:

29 745 118 807 Quum
125 743 206 806 loca,
215 745 271 794 iam
282 745 414 808 recitata,
423 743 590 796 revolvimus
600 744 761 806 irrevocati3

29 815 119 876 Quum
131 813 332 876 lamentamur,
342 828 398 864 non
407 827 542 880 apparere
551 812 662 865 labores

28 883 199 946 Nostros,et
208 883 286 934 tenui
297 882 418 934 deducta
427 888 558 950 poemata
567 881 626 934 iilo:
794 881 842 935 aad

29 954 119 1017 Quum
130 966 285 1020 speramus,
296 967 329 1004 eo
338 967 399 1005 rem
409 957 563 1016 venturam,
574 958 606 1003 ut
611 951 694 1002 simul
700 957 784 1020 atque

29 1024 159 1074 Carmina
168 1023 299 1074 rescieris
308 1037 360 1074 nos
370 1023 488 1090 lingere,
498 1021 658 1074 uomnrudus
669 1021 744 1073 ultro

28 1095 173 1156 arcessas,
184 1095 214 1144 et
222 1105 305 1158 egere
314 1096 404 1154 retes,
415 1095 444 1144 et
452 1091 576 1143 seribere
588 1106 679 1158 cogas.

30 1161 80 1215 Sed
91 1167 189 1213 tamen
199 1166 242 1212 est
252 1175 354 1228 operae
365 1162 495 1228 pretium,
507 1159 784 1229 cognoscere,qualss

28 1231 161 1284 Aedituus
173 1229 274 1284 habeat
284 1230 351 1284 belli
361 1235 487 1297 spectata
498 1230 628 1297 domique
794 1233 844 1284 230

28 1301 122 1353 Virtus
129 1337 137 1364 ,
145 1299 259 1372 indigno
270 1314 326 1358 nun
336 1299 535 1352 committenda
544 1305 653 1366 poetae.

30 1369 135 1424 Gratus
142 1369 302 1422 Alexandro
313 1372 373 1437 regi
382 1369 486 1438 Magno
498 1368 553 1422 fuit
561 1368 610 1422 ille

29 1439 190 1503 Choerilus,
200 1438 313 1491 incultis
323 1441 369 1508 qui
379 1440 517 1503 versibus,
528 1444 557 1492 et
568 1439 640 1492 malo
650 1441 733 1503 natis,

28 1510 149 1562 Rettulit
158 1514 301 1576 acceptos,
312 1509 408 1577 regale
420 1510 568 1572 nomisma,
578 1509 727 1576 Philippos.

29 1579 95 1649 Sed,
103 1579 195 1646 veluti
205 1584 327 1646 tractata
336 1578 600 1646 uotam,labemque
610 1581 759 1646 remittunt
795 1579 844 1633 235

28 1652 204 1714 Atramenta3
220 1648 279 1700 fere
290 1649 440 1716 scriptores
451 1650 572 1700 carmine
583 1648 666 1702 foedo
703 1649 707 1654 '

29 1719 182 1786 Splendida
192 1718 268 1770 laeta
277 1718 378 1769 linunt.
398 1717 476 1770 ldem
485 1733 536 1770 rex
546 1719 606 1782 ille,
617 1732 715 1785 poema

29 1791 151 1854 Quitam
162 1787 310 1840 ridiculum
321 1794 379 1840 tam
391 1802 455 1840 sare
465 1789 598 1856 prodigus
609 1789 684 1850 emit,

29 1859 129 1911 Edicto
138 1859 240 1922 uetuit,
251 1873 286 1910 ne
296 1859 358 1926 quis
368 1872 413 1921 se,
422 1864 534 1925 praeter
543 1857 677 1924 Apellam,

29 1929 236 1997 Pingeret3aut
246 1927 318 1980 alius
327 1926 452 1996 Lysippo
462 1926 577 1979 duceret
587 1941 662 1990 aera,
795 1925 845 1978 nlo

28 1998 122 2050 Fortis
132 1997 283 2049 Alexandri
293 1997 400 2049 vultum
411 1997 580 2048 simulantia.
601 1993 716 2060 Quodsi

29 2067 277 2132 iudicium-subtile
287 2067 413 2128 videndis
424 2067 530 2118 artibus
541 2065 611 2118 illud

30 2138 68 2190 ld
77 2139 182 2200 libros,
193 2141 222 2189 et
233 2136 268 2188 ad
279 2135 347 2190 haeu
356 2137 502 2188 Musarum
513 2137 586 2188 dona
595 2151 726 2200 voeares3

30 2207 166 2261 Boeotum
176 2208 206 2258 in
216 2220 310 2260 crasso
320 2207 429 2260 iurares
440 2207 506 2260 alire
516 2213 621 2258 natum.

29 2279 62 2328 lt
71 2291 165 2346 neque
174 2276 345 2328 dedecorant
354 2281 404 2326 tua
415 2275 450 2328 do
459 2275 616 2340 se·iudieia,
628 2283 712 2344 atque
796 2273 845 2326 245

31 2346 166 2410 Munera,
175 2359 248 2413 quae
258 2345 348 2398 multa
358 2345 451 2398 dantis
461 2361 525 2398 eum
536 2345 620 2400 laude
628 2347 764 2409 tulerunt,

31 2415 135 2470 Dileoti
144 2416 211 2482 tibi,
218 2413 366 2484 Virgilius,
376 2414 544 2484 Variusque,
556 2422 668 2484 poetae3

31 2484 84 2540 Nee
94 2487 187 2554 magis
197 2486 426 2552 expressivultus
437 2500 488 2553 per
498 2485 605 2538 ahenea
614 2486 705 2553 signa,
782 2491 786 2501 “

31 2557 119 2619 Quam
131 2571 182 2624 per
192 2557 264 2608 vatis
274 2569 344 2623 opus
353 2569 446 2608 mores
455 2557 595 2624 animique
605 2557 726 2606 virorum

31 2625 330 2695 Clarorumapparent.
350 2624 560 2680 Neusermonss
571 2639 622 2694 ego
632 2622 746 2675 mallem
796 2623 846 2676 250

31 2695 166 2766 llepentes
176 2713 226 2770 per
237 2695 359 2764 humum,
369 2709 451 2764 quarn
458 2709 503 2746 res
511 2709 675 2760 componere
684 2699 785 2761 gestos,
