2060 3100
254 127 303 182 lu
486 124 774 180 SATYRARUM

251 228 390 282 Sarmenti
401 242 515 282 scurrae
524 244 660 296 pugnam,
671 228 814 297 Messique
826 229 951 294 Cicirri,
1025 285 1026 294 ἦ

249 299 340 360 Musa,
351 297 433 350 velim
444 314 596 361 memorem
606 303 635 349 et
645 313 702 364 quo
709 303 789 364 patre
799 305 881 350 natus
894 308 1026 371 uterqur

250 367 408 418 Contulerit
420 367 492 420 lites.
513 367 716 418 Messlclarunr
727 383 815 434 genus
826 367 892 418 Osci
902 385 911 432 ς

206 433 241 488 55
249 435 389 488 Sarmenti
400 436 512 488 domina
521 440 625 488 exstat:
642 436 676 486 ab
687 433 730 486 his
740 438 890 488 maioribus
906 443 976 491 orti

248 505 290 560 nd
300 520 420 578 pugnam
429 520 540 558 venere.
560 505 641 556 Prior
652 503 826 557 Sarmentus:
842 509 912 574 equi
926 514 962 561 te

247 575 317 626 Esse
328 574 381 627 leri
390 574 522 638 similem,
533 575 604 626 dico.
623 574 768 626 Ridernus:
785 576 880 640 etipse

247 644 382 695 Messius:
397 645 517 709 accipi03
534 648 617 710 caput
627 648 656 694 et
666 650 765 695 movet.
786 644 823 706 Ο,
834 649 884 694 tua
896 661 1001 699 coruru

247 712 283 764 Ni
294 713 368 764 foret
378 718 489 770 exsecto
500 713 591 776 frons,
609 714 711 779 inquit,
721 713 787 779 quid
797 712 916 777 faceres,
929 733 1024 784 quum

206 777 239 830 60
249 781 295 834 Sic
303 781 418 832 mutilus
428 780 585 833 inirritarisi
599 781 686 832 Atilii
698 781 782 833 foeda
792 784 911 834 cicatrix

249 850 375 902 Setosam
386 850 457 902 laevi
469 850 590 919 frontem
600 856 763 917 turpaverat
773 854 837 902 oris.

248 919 1022 988 Campanuminmor·bunr,iuiaciemperrnultaiocatus;

247 988 392 1041 Pastorem
403 991 521 1042 saltaret
531 990 573 1040 uti
586 989 721 1056 Cyclopa,
732 991 862 1056 rogabat:

164 1114 167 1120 ¹
246 1057 291 1109 Nil
303 1059 345 1109 illi
357 1059 446 1122 larva,
458 1064 507 1110 aut
515 1060 630 1126 tragicis
642 1073 711 1124 opus
723 1073 783 1110 esse
793 1057 948 1114 cothurnis.

205 1132 238 1184 65
247 1126 341 1178 Multa
352 1129 474 1179 Cicirrus
490 1127 618 1180 adhaec:
635 1127 867 1192 donassetiamne
878 1136 1019 1184 catenam

246 1198 289 1247 Ex
298 1201 363 1247 voto
374 1197 509 1260 Laribus,
518 1197 682 1264 quaerebat:
696 1197 787 1248 scriba
797 1197 872 1265 quod
883 1207 975 1262 esset,

246 1265 378 1317 Deterius
388 1265 476 1316 nihilo
486 1266 614 1318 dominae
625 1267 669 1316 ius
680 1281 749 1330 esse.
769 1266 895 1333 Rogabat

246 1333 385 1401 Denique,
397 1351 447 1386 cur
457 1351 589 1403 umquam
601 1333 730 1402 fugisset,
747 1337 792 1386 cui
803 1337 871 1386 sotis
882 1351 941 1387 una

245 1402 341 1453 Farris
352 1403 424 1454 libra
434 1403 521 1466 foret,
532 1403 631 1472 gracili
642 1406 694 1467 sic,
704 1410 816 1471 tamque
827 1405 950 1471 pusilloi

204 1491 236 1543 7⁰
245 1471 363 1522 Prorsus
373 1471 492 1524 iucunde
504 1488 602 1526 cenam
612 1473 793 1539 produximus
802 1474 889 1524 illam.
933 1511 936 1518 .

244 1540 397 1592 Tendimus
417 1540 482 1592 hinc
500 1546 579 1594 recta
593 1541 800 1662 Bonrlelventum¹
822 1543 868 1594 ubi
887 1544 1013 1598 sedulus

679 1627 758 1664 oses

243 1679 335 1732 Paene
346 1681 429 1743 arsit,
440 1695 549 1732 macros
560 1679 625 1732 (lum
635 1627 734 1733 turdis
744 1687 838 1734 versat
848 1682 880 1738 in
887 1683 959 1749 igni:

241 1748 313 1800 Nam
322 1763 392 1818 vaga
403 1765 452 1816 per
460 1756 585 1802 veterem
596 1749 703 1816 dilapso
715 1749 825 1802 flamma
836 1751 959 1802 culinam

242 1817 381 1884 Vulcano,
392 1833 530 1872 summum
541 1821 709 1890 properabat
719 1820 840 1872 lambere
851 1826 969 1872 tectum.

202 1889 233 1956 75
243 1889 378 1941 Conrivas
389 1890 484 1941 avidos
492 1904 607 1952 cenam,
618 1904 769 1974 sprvesque
779 1891 910 1941 timentes

242 1956 427 2026 'sumopere
439 1965 522 2027 atque
528 1960 802 2027 omnesrestinguerc
808 1959 878 2011 velle
884 1959 1007 2012 videres.

241 2027 342 2094 Incipit
353 2042 387 2078 ex
396 2028 447 2079 illo
458 2033 568 2080 montes
578 2028 697 2094 Appulia
707 2034 789 2078 notos
841 2054 843 2058 ·

241 2094 391 2146 Ostentare
402 2096 482 2158 mibi,
492 2111 561 2164 quos
572 2102 663 2148 torret
672 2097 820 2160 Atabulus,
831 2102 859 2147 et
868 2103 940 2165 quos

240 2161 398 2231 Numquam
409 2179 580 2231 erepsemus,
591 2167 645 2216 nisi
656 2181 706 2217 nos
717 2168 806 2217 vicina
816 2168 919 2218 Trivici

198 2227 231 2279 80
240 2229 314 2282 Villa
324 2235 487 2298 recepisset,
498 2233 656 2301 lacrymoso
667 2251 721 2286 non
733 2237 792 2288 sine
803 2234 889 2300 fumo,

239 2300 315 2351 Udos
327 2317 389 2352 cum
401 2300 476 2353 foliis
486 2317 580 2354 ramos
590 2313 691 2356 urente
702 2307 819 2356 cantino.

240 2370 296 2422 Hic
307 2384 358 2438 ego
369 2371 531 2424 mendacem
543 2371 726 2425 stultissimus
735 2391 823 2442 usque
833 2367 959 2441 puellam

240 2439 281 2491 Ad
291 2439 524 2493 mediamnoctem
532 2451 670 2509 exspecto.
683 2442 901 2496 Sonmustameu
909 2445 1001 2499 auscrt

239 2509 381 2560 intentum
391 2508 506 2562 Veneri:
525 2516 584 2561 turn
595 2513 737 2563 immundo
748 2515 856 2564 sonrnia
865 2517 926 2566 risu

197 2573 230 2625 85
239 2574 1001 2651 Nocturnamvestemnraeulansventremqussupinum.

240 2643 380 2704 Quattuor
391 2646 455 2699 hinc
465 2649 590 2713 rapimur
599 2649 698 2717 viginti
708 2656 736 2703 rt
746 2650 834 2702 millia
845 2651 950 2716 rhedis,
1025 2679 1026 2684 =
