2060 3100
287 190 443 246 'LIBER
468 192 518 247 IV.

67 295 210 350 Aeternetl
226 296 263 358 0,
275 311 330 364 qua
341 295 389 349 Sol
398 296 566 350 habitabiles

67 367 188 421 illistrat
198 381 279 428 oras,
290 371 410 418 maxime
420 368 584 434 principum,

98 437 185 500 erom
195 437 268 502 legis
281 441 409 502 expertes
420 435 540 488 Latinae

128 505 269 558 Vindelici
281 505 403 558 didicere
414 520 511 572 nuper,

68 613 134 675 Quid
144 614 241 666 Marte
251 627 356 680 posses.
375 614 468 666 Milite
479 627 542 663 nam
553 615 604 665 tuo

67 682 172 734 Drusus
182 683 348 745 Genauam,
357 681 538 750 implacidum
548 697 650 750 genus3

96 753 279 820 Breunosque
288 751 411 816 veloces,
422 757 451 805 at
461 765 548 812 arces,

128 822 246 889 Alpibus
257 822 402 888 impositas
412 820 574 884 tremendis,

68 927 174 981 Deiecit
185 944 251 980 acer
260 928 323 995 plus
332 930 392 982 ricc
403 929 534 996 simplici:

66 996 152 1050 Maior
163 998 307 1050 Neronum
319 1013 384 1050 mox
394 1013 479 1067 grave
489 997 627 1066 proelium

98 1068 456 1137 Commisit,immanesque
467 1069 570 1122 Raetos

129 1138 267 1204 Auspiciis
277 1138 386 1204 pepulit
395 1138 539 1203 secundis;

65 1241 248 1310 spectandus,
258 1245 287 1296 in
298 1246 451 1300 certamine
461 1245 567 1298 Martio

64 1312 170 1364 Devota
179 1317 264 1365 morti
276 1319 391 1381 pectora
399 1315 508 1367 liberae

16 1407 17 1416 κ
96 1383 215 1445 Quantis
230 1379 361 1452 fatigaret
370 1386 472 1437 ruinis:

127 1452 282 1506 Indomitos
292 1469 378 1521 prope
387 1453 479 1520 qualis
489 1452 579 1505 undas

66 1560 179 1613 Exercet
188 1561 304 1622 Auster,
316 1559 461 1613 Pleiadum
472 1559 558 1612 choro
617 1591 622 1598 ·

66 1627 210 1683 Scindente
222 1632 322 1694 nubes3
339 1631 457 1698 impiger
467 1628 590 1683 hostium

93 1699 203 1751 vexare
214 1704 335 1763 turmas,
346 1705 376 1751 et
387 1699 552 1751 frementem

127 1769 243 1821 Mittere
255 1784 355 1837 equum
368 1767 475 1821 medios
485 1785 535 1836 per
545 1770 645 1837 ignes„

61 1875 103 1929 Sic
114 1876 291 1929 tauriformis
300 1876 422 1928 volvitur
431 1876 557 1940 Aufidus,

60 1947 111 2009 Qui
122 1962 212 2015 regna
223 1946 315 1997 Dauni
327 1945 458 2014 praefluit
468 1945 577 2013 Appuli,

90 2017 184 2080 Quum
194 2018 296 2079 saevit,
306 2015 529 2085 horrendamque
541 2014 624 2069 cultis

126 2084 267 2138 Diluriem
278 2085 431 2138 meditatur
441 2087 529 2154 agris:

57 2193 89 2244 Ut
98 2195 290 2258 Barbarorum
304 2195 437 2246 Claudius
448 2195 560 2263 agmina

55 2263 76 2315 1²
78 2268 176 2316 errata
186 2272 264 2316 vasto
277 2265 363 2316 diruit
373 2266 490 2330 impetu3

86 2333 267 2400 Primosque,
278 2339 307 2386 et
318 2338 457 2386 extremos
468 2334 608 2398 metendo,

125 2402 232 2455 Stravit
242 2403 355 2485 irunrum
362 2440 370 2467 ‚
381 2405 441 2456 sino
453 2403 533 2458 clade
542 2406 645 2458 victor:

53 2511 92 2564 Te
103 2514 215 2578 copias,
224 2517 252 2564 te
264 2512 422 2577 consilium,
434 2517 462 2564 et
472 2517 536 2564 tuos
548 2508 551 2518 '

54 2580 212 2634 Praebentc
223 2581 317 2634 Divos.
336 2582 421 2644 Nam,
432 2583 483 2633 tibi
495 2597 549 2648 quo
560 2581 605 2634 die

86 2652 192 2704 Portus
202 2652 380 2703 Alexandrea
391 2651 517 2716 supplex,

125 2721 162 2772 lit
172 2736 288 2773 vacuam
299 2719 433 2788 patefecit
443 2718 545 2778 aulam,

739 189 788 246 125

741 329 746 336 -
798 291 815 346 5

798 697 831 736 10
