2062 3102
508 196 768 254 cunuruuiu

499 351 599 426 01)
625 352 663 424 Ε
710 350 780 425 ΙΙ.

254 539 343 590 Pueri
359 551 379 586 a
398 535 501 586 teneris
516 535 604 586 anru’s¹
615 537 654 586 ad
670 533 797 586 bellicam
808 532 1020 606 fortitudinem.

257 663 259 667 ,
275 607 415 667 virtutem,
425 611 453 654 et
456 603 594 673 pietatem
606 620 675 674 erga
684 604 760 653 Deos
762 602 916 672 formandi
925 613 994 654 sunt

542 735 644 775 METR-
662 735 731 774 XVI·

290 793 462 892 Angustam
474 824 563 876 amice
573 825 734 890 pauperiem
745 823 805 890 pati

290 893 431 961 Robustus
443 895 500 944 acri
511 893 613 944 militia
623 909 692 960 puer

327 963 485 1026 condiscat,
496 967 525 1014 et
534 961 656 1014 Parthos
668 962 778 1014 feroces
849 974 852 980 ’

360 1031 450 1086 vexet
460 1047 544 1101 eques
555 1031 721 1084 metuendus
732 1031 830 1096 hustu3

232 1145 248 1195 5
290 1133 441 1202 Vitamque
451 1135 502 1185 sub
514 1134 586 1197 divo,
597 1139 627 1186 et
636 1133 754 1200 trepidis
766 1137 832 1200 eget

291 1204 323 1256 ln
333 1203 426 1254 rebus.
445 1203 529 1254 lllunr
540 1219 575 1256 ex
586 1203 731 1255 moenibus
742 1201 857 1254 hosticis

327 1271 461 1324 Matrona
470 1272 602 1324 bellantis
614 1273 729 1338 tyranni

361 1338 547 1409 Prospiciens,
559 1347 588 1394 et
599 1341 697 1394 adulto
707 1342 795 1410 uirgo,

293 1440 433 1508 Suspiret:
449 1440 513 1506 heu,
524 1441 591 1499 heu!
607 1459 643 1496 ne
653 1443 732 1496 rudis
742 1443 884 1511 agminum

218 1539 250 1574 ιο
294 1510 418 1579 Sponsus
428 1511 551 1564 lacessat
560 1515 656 1582 regius
667 1528 797 1580 asperum

329 1582 421 1633 Taetu
432 1581 551 1645 leonem,
562 1599 643 1651 quem
656 1588 774 1635 cruenta

362 1649 419 1704 Per
430 1651 535 1704 medias
546 1654 621 1720 rapit
631 1654 675 1704 ira
685 1652 795 1705 caedes.

197 1743 200 1750 “
293 1751 393 1815 Dulce,
403 1756 433 1804 et
443 1751 575 1806 decorum
585 1758 630 1808 est
639 1770 689 1822 pro
700 1756 793 1822 petria
802 1753 883 1810 mori.

293 1822 372 1873 Mors
382 1827 411 1874 et
420 1822 548 1890 fugacem
559 1827 738 1892 persequitur
749 1824 855 1888 virum

220 1902 251 1954 15
328 1891 387 1944 Nec
397 1894 487 1959 percit
496 1894 618 1945 imbellis
628 1896 758 1947 iuventae

363 1960 530 2030 Popiitibus,
539 1964 693 2033 timidoque
704 1969 793 2032 tergo.

253 2125 257 2130 ι
293 2063 540 2134 Virtus,'repulsae
550 2069 646 2122 neseis
655 2067 797 2130 sordidae,

295 2133 472 2187 intaminatis
483 2137 574 2205 fulget
584 2138 751 2201 honoribus3

329 2201 388 2254 Nee
398 2207 490 2269 sumit,
503 2212 552 2257 rut
562 2209 642 2274 ponit
652 2204 767 2259 secur'es

218 2298 252 2334 20
364 2272 487 2326 Arbitrio
498 2276 642 2343 populeris
655 2291 751 2328 aurae.

295 2370 401 2437 Virtus,
411 2375 558 2428 recludens
570 2378 718 2430 immeritis
729 2374 800 2427 rnori

297 2441 420 2506 Caelum,
432 2452 533 2514 negata
544 2452 635 2499 tentat
644 2449 699 2499 iter
709 2448 768 2510 via;

332 2513 490 2582 coetusque
500 2516 638 2583 vulgares,
650 2521 678 2568 et
688 2515 772 2566 urium

367 2581 479 2648 Spernit
489 2582 603 2636 humum
615 2585 740 2652 fugiente
751 2596 859 2650 pennu·

223 2675 254 2727 25
298 2677 349 2730 Est
359 2683 388 2730 et
397 2680 474 2733 fideli
485 2687 549 2732 tuta
559 2683 672 2735 silentio

298 2745 421 2800 Merces:
435 2752 545 2812 vetabo,
556 2752 603 2817 qui
615 2750 726 2802 Cereris
736 2764 848 2818 sacrum
