2060 3100
307 187 455 244 LIBER
483 186 532 240 lV.

18 349 19 352 ,
83 295 154 360 Nee,
165 297 190 346 si
203 293 273 364 quid
284 293 350 345 olim
361 292 430 343 lusit
438 293 592 354 Anacreon,

84 366 201 418 Delcvit
213 369 306 418 aetas:
321 364 409 429 spirat
420 361 510 413 adhue
522 376 610 424 arnor,

119 435 283 501 Virumque
294 433 433 484 commissi
445 431 553 483 calores

154 504 274 557 Aeoliae
285 502 386 554 fidibus
396 500 515 568 puellus.

18 605 19 624 ³
86 613 148 664 Non
159 612 224 664 sola
235 616 361 679 comptos
372 610 442 664 ursit
451 609 573 662 adulteri

87 684 200 744 Crines,
210 687 240 734 et
252 697 350 733 aurum
360 682 482 734 restibus
492 681 597 732 illitum

18 763 20 816 ζ
121 753 240 814 Mirato,
252 751 416 819 regalesque
428 750 528 813 cultus,

18 823 19 886 ζ
124 841 126 848 ’
157 822 197 872 Et
207 821 333 884 comites,
342 821 452 873 Helene
463 819 604 872 Lacaena:

90 926 234 981 Primusre
246 930 356 981 Teucer
366 928 423 981 telo
433 928 560 996 Cydonio

18 1017 19 1056 l
90 999 293 1050 Direxitarcu:
308 998 539 1050 nonsemclllios

18 1059 19 1080 ³
124 1067 246 1119 Vexata:
262 1085 316 1128 non
327 1069 566 1137 pugnavit-lngens

159 1137 335 1200 Idomeneus,
346 1136 529 1191 Sthenelusve
539 1137 616 1190 solus

91 1244 219 1298 Dicenda
230 1243 319 1296 Musis
329 1246 450 1312 proelias
464 1261 520 1298 non
533 1244 613 1298 ferox

92 1316 208 1376 Hector,
218 1314 263 1365 vel
274 1329 339 1367 acer
349 1314 511 1382 Deiphobus
519 1330 620 1385 graves

124 1385 244 1450 Excepit
254 1385 325 1436 ictus
337 1399 386 1451 pro
397 1386 503 1452 pudicis

161 1454 340 1522 Coniugibus,
349 1456 498 1524 puerisque
509 1455 624 1522 primus.
650 1510 653 1516 ,

93 1561 194 1614 Visere
203 1559 291 1614 fortes
302 1566 367 1614 anie
375 1563 584 1630 Agamemnona

93 1632 192 1695 lllulti3
208 1632 258 1683 sed
268 1646 363 1684 omnes
373 1632 589 1699 illacrymabiles

127 1701 277 1768 Urgentur,
287 1703 430 1770 ignotique
443 1702 526 1770 longa

161 1769 265 1837 Nocte:
281 1776 378 1824 carent
388 1773 454 1840 quie
463 1778 527 1824 rste
538 1786 630 1827 sacro.

18 1933 19 1936 ,
95 1877 221 1931 Paullum
233 1878 359 1946 sepultae
371 1879 458 1930 distat
467 1881 588 1934 inertiae

18 1991 19 1994 ,
96 1949 192 2000 Celata
201 1950 299 2000 virtus.
320 1947 382 2002 Non
392 1965 444 2018 ego
455 1951 561 2002 lemeis

130 2017 239 2069 enanis
249 2020 409 2070 inornatum
421 2019 522 2083 silebo;

163 2089 252 2143 Totve
262 2092 326 2140 tuos
336 2090 427 2155 potiar
437 2088 550 2142 labores

18 2223 19 2240 2
95 2195 216 2262 lmpunc,
225 2195 310 2259 Lolli,
322 2195 436 2263 carpere
448 2197 549 2250 lividas

96 2264 263 2316 obliviones.
283 2267 334 2316 Est
345 2268 452 2318 animus
463 2269 512 2319 tibi

128 2333 286 2402 Rerumque
297 2335 427 2456 prudens,
439 2342 468 2388 et
478 2336 607 2390 secundis

163 2404 295 2470 Temperi
316 2420 357 2468 us,
368 2405 512 2474 dubiisque
523 2412 630 2474 rectus3

97 2509 202 2562 Vindex
211 2526 313 2565 avarae
323 2511 439 2577 fraudis,
449 2519 478 2566 et
488 2515 629 2569 abstinens

97 2580 228 2631 Ducentis
239 2581 274 2632 ad
285 2597 315 2633 sc
326 2588 426 2634 cuncta
436 2585 583 2649 pecunine3

132 2649 289 2716 consulque
298 2666 354 2702 non
364 2653 446 2701 unius
457 2654 536 2714 anni3

164 2717 218 2770 sed
227 2721 337 2780 quoties
346 2720 443 2782 bonus,
454 2723 537 2786 atque
547 2718 618 2769 lidus
